3166 4113
1357 279 1903 327 *a*

404 421 789 483 pbmequaeritz
832 421 1145 480 Εἰπὲδὴπρὸς
1172 419 2870 483 Λυκτίωθὸπὶνιὸὰεῖνοπάγιάονῦῃυηὸοθωάκρκωωῂἦ

399 490 620 550 ὑπηρέταις
639 490 868 549 χρώμανας
912 488 987 532 Ad
1017 499 1129 546 quae
1156 489 1507 546 respondendum
1536 496 1650 533 erata
1707 488 1905 533 Mundi
1946 488 2286 547 gubernatio
2323 502 2407 541 ea,
2441 503 2549 546 qua
2577 503 2765 534 >omnes
2787 488 2869 535 aad

400 559 627 604 deorum
654 556 1091 602 similitudinem
1119 556 1509 615 perducantur.
1557 556 1708 613 Quum
1727 564 1872 602 autem
1899 556 1962 601 dii
1989 557 2078 602 sint
2105 555 2210 601 boni
2237 570 2290 601 ae
2317 557 2468 610 saneti,
2490 556 2624 601 etiam
2654 557 2866 602 huma-ea

402 628 572 674 animoa
599 627 696 673 fieri
725 625 878 671 volunt
906 624 1044 671 bonos
1071 639 1124 671 ao
1151 634 1346 679 sanetoe3
1374 625 1551 671 omuino
1579 640 1701 671 auam
1721 625 1915 683 ipsorum
1933 632 2132 669 naturam
2153 623 2378 669 honestam
2395 624 2614 681 stjuatam
2633 631 2677 669 et
2692 624 2866 679 bonam,

404 703 538 757 quam
565 695 694 740 Plato
723 695 778 739 iis
811 693 1030 748 attribuit,
1067 708 1148 753 per
1181 700 1320 738 totum
1358 693 1569 738 mundum
1604 693 1947 748 disseminatam,
1998 692 2210 752 pravitate
2245 692 2330 739 diis
2364 691 2577 738 eontrar‘n.
2620 690 2866 751 exstirpata,

402 779 538 808 unam
566 777 749 822 regnare
776 762 971 820 eupiunt.
1026 761 1183 820 Neque
1210 769 1353 806 tamen
1383 761 1464 805 soli
1493 763 1539 805 in
1568 762 1651 806 hoe
1679 776 1809 820 opere
1837 762 2100 820 perficiendo
2128 762 2291 806 versari
2320 761 2495 815 volunt,
2532 761 2608 805 aed
2627 761 2755 806 etiam
2785 761 2865 806 ho·

403 832 597 876 minibus
626 838 808 875 utuntur
836 829 1057 874 miniati-is.
1117 828 1397 886 Quapropter
1431 830 1493 872 ita
1531 830 1725 872 homines
1760 830 1967 886 adjuvare
2006 830 2166 873 debent
2202 830 2329 883 deos,
2367 838 2418 873 ut
2455 838 2497 873 et
2534 830 2784 888 semetipso·
2820 838 2864 872 et

404 901 514 945 alios
541 898 767 955 explorent
796 903 839 939 et
867 896 924 939 ad
953 896 1159 939 virtutem
1188 895 1390 945 excitent,
1418 895 1465 938 id
1494 903 1682 951 agentes,
1710 905 1761 938 ut
1788 897 1927 953 magia
1954 898 2180 954 mgisque
2200 913 2348 941 omnes
2377 898 2571 941 homines
2600 898 2656 940 ad
2684 898 2864 951 deornm

401 964 731 1011 similitudinem
767 961 1098 1006 conformentur.
1169 960 1277 1015 Qui
1313 960 1494 1018 igitur
1530 961 1585 1004 in
1625 976 1686 1004 eo
1721 962 1903 1006 studio
1942 972 2260 1015 versantur,
2303 972 2363 1007 ιιι
2402 972 2455 1007 et
2491 964 2599 1021 ipsi
2638 965 2703 1007 ad
2741 980 2864 1022 per-

399 1035 598 1079 fectam
641 1030 866 1074 deorum'
909 1034 1160 1072 naturam
1203 1040 1360 1084 quam
1404 1028 1656 1084 proxime
1698 1028 1963 1073 accedant
2006 1037 2056 1073 et
2091 1029 2237 1074 alios
2277 1030 2377 1074 hae
2414 1031 2468 1074 in
2506 1048 2564 1075 re
2603 1039 2865 1089 quantum
2936 1030 2942 1035 '

399 1099 610 1160 possint
637 1096 922 1154 adjuvent,
957 1108 1084 1139 vere
1124 1094 1203 1152 pii
1243 1102 1381 1140 sunt.
1441 1093 1509 1139 Ea
1536 1095 1633 1153 ipsa
1660 1095 1715 1139 de
1744 1108 1874 1140 eausa
1902 1096 2124 1150 Socrates,
2163 1110 2292 1155 quem
2321 1096 2448 1142 Plato
2477 1098 2864 1156 praeclarissimum

399 1183 529 1215 verae
569 1165 741 1226 pietatis
779 1178 830 1209 ae
868 1163 1041 1208 virtutis
1079 1162 1305 1221 proposuit
1351 1162 1598 1221 exemplum
1633 1163 1834 1208 omnibus
1868 1163 2149 1219 imitandum,
2187 1165 2233 1210 in
2278 1165 2499 1225 Apologia
2536 1166 2610 1218 (cf.
2641 1180 2683 1225 p.
2713 1167 2771 1212 30
2799 1167 2863 1221 Α)

407 1236 649 1282 ministerio
678 1234 869 1293 quodam
899 1247 945 1276 se
974 1232 1098 1289 fungi
1127 1231 1209 1273 deo
1235 1232 1493 1289 praestando
1522 1231 1648 1283 dieit3
1677 1233 1901 1276 mandasse
1930 1234 2044 1277 enim
2073 1233 2156 1278 sibi
2176 1234 2319 1287 deum,
2346 1241 2396 1277 ut
2414 1234 2622 1286 homines,
2651 1243 2865 1293 quotquot

402 1305 666 1355 conveniret,
695 1302 953 1359 exploraret,
989 1298 1214 1357 pravitatis
1243 1306 1286 1341 et
1313 1298 1584 1356 insipientiae
1614 1300 1898 1353 convinceret,
1927 1302 1982 1344 ad
2011 1302 2215 1346 virtutem
2235 1303 2442 1347 excitaret
2470 1310 2600 1360 atque
2627 1311 2861 1349 remearet.

402 1373 505 1429 Quo
533 1385 712 1414 munere
741 1368 848 1426 quid
879 1375 1019 1425 potent
1048 1382 1141 1409 esee
1169 1366 1321 1422 majus,
1352 1366 1460 1423 quid
1490 1368 1788 1424 praestantius,
1818 1369 1924 1427 quid
1945 1369 2320 1428 magnificentius?
2362 1371 2512 1428 Atque
2532 1378 2693 1428 quanto
2712 1372 2864 1429 purior

400 1455 453 1484 ae
481 1438 711 1483 sublimior
738 1436 844 1479 haee
876 1442 940 1477 est
969 1433 1140 1499 pietatis
1170 1434 1361 1490 cognitio
1390 1441 1521 1491 atque
1549 1435 1745 1478 definitio
1773 1435 1943 1493 vulgari
1972 1435 2049 1479 illa
2089 1444 2132 1479 et
2159 1436 2292 1489 falsa,
2331 1450 2442 1494 quae
2470 1438 2515 1480 in
2545 1437 2863 1496 Euthypbrone

400 1508 621 1566 praeclare
649 1505 883 1550 refutatur!
939 1504 1007 1547 E·
1036 1510 1120 1554 eet,
1158 1518 1269 1559 quae
1298 1503 1500 1546 omnibus
1529 1501 1796 1558 temporibus
1826 1504 1986 1558 opponi
2016 1516 2143 1559 posse
2171 1503 2372 1546 videatur
2398 1504 2651 1561 vulgaribus
2680 1504 2862 1561 quibus-

398 1590 572 1634 eunqne
601 1581 645 1618 et
672 1572 793 1617 falsis
821 1572 876 1615 de
906 1571 1062 1628 pietate
1091 1569 1381 1627 opinionibus.
1441 1569 1589 1624 Quare
1630 1569 1712 1614 hae
1748 1582 1923 1627 quoque
1961 1569 2008 1613 in
2045 1584 2092 1613 re
2120 1569 2249 1614 Plato
2284 1569 2425 1615 lucem
2464 1571 2669 1628 praetulit
2694 1580 2862 1630 tempo-

398 1643 522 1688 ribus
550 1639 891 1699 insequentibus,
920 1638 1025 1682 dum
1054 1638 1092 1681 is
1121 1638 1296 1690 exstitit,
1326 1651 1404 1695 per
1433 1651 1562 1695 quem
1596 1636 1740 1680 omnia
1769 1643 1870 1679 eunt
1899 1637 2090 1693 perfecta
2118 1643 2162 1681 et
2180 1646 2488 1691 consummata,
2500 1637 2632 1684 Jesus
2647 1638 2860 1686 christus.

395 1711 573 1757 Etenim
601 1710 638 1752 si
668 1708 936 1766 quaerimus,
972 1706 1132 1763 quibus
1169 1705 1299 1748 rebus
1337 1705 1476 1760 adjuti
1505 1704 1672 1760 antiqui
1712 1704 1906 1747 homines
1934 1704 1990 1747 ad
2019 1705 2220 1761 pietatem
2249 1705 2527 1764 reliquasque
2554 1707 2734 1751 virtutes
2762 1722 2861 1766 per-

399 1778 549 1822 venire
578 1775 809 1834 potuerint,
836 1788 892 1817 ne
920 1773 1047 1816 Plato
1076 1772 1253 1830 quidem
1282 1771 1403 1814 aliud
1432 1771 1673 1828 quidquam
1701 1771 1963 1827 respondere
1982 1778 2123 1827 potest
2143 1785 2297 1828 quamz
2344 1774 2578 1829 Sapientia,
2609 1782 2651 1817 et
2680 1776 2862 1818 fortasee

399 1844 546 1890 addit:
605 1842 794 1888 Socratis
821 1840 1020 1898 exemplo
1050 1839 1236 1897 (Apol.).
1296 1839 1360 1882 At
1389 1839 1490 1882 lieet
1519 1837 1804 1883 concedamus
1842 1837 1963 1881 illam
2000 1838 2255 1897 sapientiam
2284 1840 2462 1898 petitam
2492 1855 2584 1885 esse
2613 1856 2668 1885 ex
2697 1842 2861 1886 ratione

398 1921 443 1958 et
482 1911 744 1957 eonscientia
778 1917 822 1954 et
851 1908 1040 1954 Socratis
1078 1907 1326 1964 exemplum
1362 1907 1496 1950 fuisse
1532 1907 1943 1963 praestantissimum
1956 1939 1969 1959 ,
2009 1915 2152 1950 tamen
2180 1922 2262 1951 nee
2290 1908 2490 1952 sufficere
2517 1917 2658 1966 potest
2687 1911 2862 1954 eredere

396 1995 490 2025 esee
518 1979 623 2023 deon
652 1987 696 2022 et
723 1977 929 2021 virtutem
957 1989 1051 2019 esse
1079 1974 1364 2032 expetendam
1393 1980 1436 2017 et
1464 1973 1631 2017 animoa
1659 1980 1757 2030 post
1787 1981 1967 2017 mortem
1996 1973 2090 2017 fore
2104 1974 2373 2018 immortales
2402 1989 2483 2018 nee
2496 1975 2687 2020 Socratis
2715 1992 2860 2021 exem-

395 2048 520 2106 plum
558 2046 674 2089 valet
709 2045 766 2087 ad
805 2044 988 2087 salutem
1027 2042 1159 2084 animi
1198 2041 1534 2098 adipiscendam.
1592 2040 1725 2083 Jesus
1756 2040 1957 2085 Christus
1995 2041 2170 2084 demum
2207 2050 2250 2084 et
2286 2042 2482 2085 doctrina
2521 2052 2564 2086 et
2592 2044 2791 2102 exemplo
2819 2053 2862 2087 et

394 2122 535 2160 morte
563 2127 644 2158 sua
681 2118 934 2171 potestatem
971 2109 1097 2153 nobis
1133 2109 1401 2167 comparavit
1440 2108 1554 2155 vitae
1593 2106 1662 2150 his
1700 2107 1745 2150 in
1783 2108 1910 2151 terris
1945 2115 2062 2152 reete
2098 2108 2291 2166 agendae
2329 2116 2372 2153 et
2413 2109 2562 2154 beatae
2597 2111 2725 2155 etiam
2763 2118 2861 2170 post

393 2190 575 2227 mortem
605 2179 928 2237 adipiseendae,
964 2186 1094 2235 atque
1121 2177 1206 2219 nisi
1243 2177 1422 2233 spiritus
1453 2182 1627 2219 sanetus
1656 2175 1771 2218 vires
1799 2175 1978 2231 praebet
2005 2175 2189 2228 divinas,
2217 2177 2381 2234 quibua
2399 2177 2537 2233 adjuti
2556 2186 2686 2235 atque
2714 2193 2860 2223 corro-

394 2249 538 2294 borati
566 2249 622 2292 ad
652 2248 845 2292 divinam
873 2254 1072 2289 naturam
1101 2243 1268 2290 Christi
1297 2242 1482 2287 similem
1511 2242 1738 2294 enitamur,
1780 2242 1836 2286 ad
1865 2242 2135 2287 divinitatem
2163 2244 2322 2301 deique
2352 2244 2679 2290 similitudinem
2707 2261 2860 2303 perve-

394 2317 492 2361 nire
520 2331 607 2360 non
637 2328 888 2372 possumus3
918 2312 1038 2370 quod
1066 2311 1243 2369 quidem
1270 2325 1515 2368 possumus,
1543 2309 1779 2354 dummodo
1808 2310 2057 2366 adjumenta
2076 2318 2119 2355 et
2148 2310 2411 2356 adminicula
2438 2312 2586 2357 divina
2614 2329 2700 2358 non
2729 2330 2859 2372 repn-

393 2384 580 2437 diemus,
608 2381 686 2426 sed
714 2381 761 2425 in
790 2379 929 2424 salute
957 2378 1201 2423 animorum
1229 2385 1475 2421 nostrorum
1505 2376 1784 2434 adipiseenda
1811 2377 2004 2422 studium
2034 2377 2295 2423 eolloeemus
2324 2380 2595 2427 acerrimum.
2639 2381 2752 2427 Nam
2781 2382 2859 2441 qui

394 2452 457 2510 pii
486 2459 589 2496 aunt
616 2449 783 2494 ratione
811 2447 1067 2500 christiana,
1105 2461 1192 2491 non
1223 2445 1434 2504 sapientia
1463 2444 1520 2488 ad
1548 2444 1751 2488 virtutem
1781 2445 2019 2496 ducuntur,
2058 2445 2134 2490 sed
2174 2460 2320 2490 amore
2347 2456 2557 2506 gratoque
2584 2449 2728 2494 animo
2756 2465 2860 2508 erga

391 2519 539 2571 deum,
567 2532 648 2562 nee
677 2516 877 2561 humanis
905 2514 1116 2573 exemplis
1145 2513 1201 2557 ad
1231 2528 1400 2557 summa
1430 2525 1630 2571 quaeque
1658 2511 1975 2570 propelluntur,
2005 2512 2082 2556 sed
2110 2513 2310 2571 exemplo
2338 2513 2502 2559 Clu-isti
2530 2515 2691 2563 divino.
2750 2517 2858 2562 Tres

392 2587 579 2630 virtutes
606 2584 836 2641 primarias
856 2582 1122 2633 christianae,
1148 2581 1296 2632 fidem,
1326 2580 1562 2630 caritatem,
1590 2594 1712 2637 opem
1732 2579 1809 2636 qui
1830 2579 2143 2637 amplexantur,
2170 2581 2347 2626 vinculo
2367 2596 2467 2625 eum
2485 2582 2568 2626 deo
2588 2585 2860 2629 continentur

393 2654 637 2699 aeduino
666 2652 746 2704 ita,
783 2658 833 2694 ut
867 2650 995 2695 etiam
1037 2649 1232 2692 homines
1269 2663 1415 2692 amore
1452 2647 1652 2704 flagranti
1691 2647 2030 2727 complectantur
2077 2663 2159 2693 nee
2187 2657 2334 2694 saneta
2362 2650 2507 2694 officia
2533 2651 2755 2744 negligant
2782 2662 2859 2697 ant

392 2721 440 2765 in
471 2728 671 2779 parentes
700 2726 776 2763 aut
810 2718 857 2761 in
887 2724 1090 2775 cognatos
1118 2724 1193 2760 aut
1222 2716 1267 2759 in
1297 2715 1480 2772 patriam
1508 2722 1582 2759 aut
1610 2716 1655 2759 in
1685 2717 1904 2773 proximos
1933 2717 2161 2775 quo-libet.

612 2787 794 2833 Utinam
825 2787 930 2830 haee
959 2785 1094 2844 pietas
1123 2785 1168 2828 in
1198 2783 1321 2828 novis
1349 2783 1535 2829 ‹loannei
1564 2783 1758 2837 aedibus,
1787 2799 1896 2843 quas
1916 2785 2216 2843 inauguraturi
2244 2801 2407 2839 sumna,
2437 2787 2586 2832 floreat
2613 2805 2665 2833 ae
2692 2790 2855 2849 vigeat!

389 2855 571 2902 Utinam
608 2869 776 2907 omnes,
820 2854 897 2912 qui
928 2853 1078 2897 limina
1105 2852 1340 2904 intrabunt,
1377 2853 1450 2909 pia
1479 2859 1621 2897 mente
1649 2853 1968 2910 ingrediantur,
2004 2853 2282 2912 egrediantur
2308 2855 2382 2913 pia
2410 2865 2552 2900 mente
2580 2872 2741 2909 omnes,
2779 2858 2857 2916 qui

389 2922 634 2968 discedenti
706 2922 885 2966 Utinam
914 2921 1110 2979 magistri
1139 2928 1182 2963 et
1207 2920 1411 2978 discipuli
1442 2921 1536 2978 pari
1566 2921 1801 2964 sanctitatis
1830 2921 1975 2965 studio
2004 2921 2283 2975 delectentur,
2310 2924 2405 2982 pari
2434 2924 2518 2978 dei,
2547 2939 2676 2984 quem
2693 2925 2857 2972 Christi

389 2990 556 3034 meritis
597 2990 889 3047 eognovimus,
919 3003 1065 3032 amore
1093 2988 1287 3032 ardeant!
1334 2988 1512 3032 Utinam
1540 2988 1788 3032 Joauneum
1816 2995 2011 3032 nostrum
2040 2990 2315 3034 seminarium
2345 2992 2402 3035 sit
2421 2992 2591 3050 pietatis
2610 3001 2698 3037 tam
2716 3008 2857 3047 verae,

389 3066 439 3102 ut
483 3072 632 3101 omnes
661 3057 841 3101 virtutes
870 3056 1128 3100 christianae
1158 3070 1212 3098 ex
1242 3070 1293 3098 eo
1321 3055 1611 3098 efflorescant!
1655 3054 1836 3099 Utinam
1867 3055 1969 3099 huie
2003 3056 2101 3100 urbi
2131 3057 2187 3101 sit
2214 3066 2477 3111 ornamento,
2506 3061 2669 3116 patriae
2698 3060 2857 3114 deeori,

384 3126 465 3169 toti
507 3125 656 3182 generi
693 3125 879 3168 humano
908 3123 1214 3168 emolumento!
1275 3124 1454 3168 Utinam
1485 3122 1687 3179 permulti
1717 3122 1763 3165 in
1792 3138 1843 3166 eo
1872 3124 2147 3178 erudiantur,
2183 3126 2260 3183 qui
2300 3126 2382 3169 deo
2411 3127 2629 3170 ministros
2658 3143 2703 3171 se
2731 3143 2855 3186 prae—

384 3191 514 3237 beant
544 3193 591 3236 in
623 3193 785 3236 mundo
813 3192 1095 3250 gubernando
1123 3192 1151 3236 i.
1187 3207 1222 3235 e.
1253 3191 1308 3235 ad
1337 3191 1407 3234 dei
1437 3190 1763 3234 similitudinem
1792 3192 2123 3236 conformando!
2183 3192 2317 3247 Quod
2347 3193 2456 3235 faxit
2484 3193 2612 3238 deuel

2513 3295 2739 3352 michael.

1356 3451 1894 3468 ———-⁴——00‹—-01—-———-⁴
