3166 4113
1590 283 1674 332 61

391 426 547 480 tanti
583 426 794 477 videatur,
812 433 975 470 tamen
1012 426 1266 483 'gravissime
1303 391 1568 483 indignatur,
1606 428 1723 483 quod
1758 427 2033 484 Euthypbro‘
2049 426 2860 488 vulgar-buconiam

392 491 505 551 adeo
527 491 810 545 infime-ont,
837 500 888 537 ut
915 506 1065 538 omnes
1093 491 1263 537 fabulas
1291 492 1389 537 de‘
1376 493 1447 535 iis·
1458 494 1779 538 commenticias
1808 493 1956 538 eredat
1980 509 2077 537 esse
2110 509 2264 538 veras.
2304 493 2405 538 Ηοο
2433 495 2556 537 enim
2593 494 2689 539 ἴση
2722 498 2861 544 mods

389 572 492 605 eum
519 559 825 618 disputantem
844 559 971 605 nobis
1005 559 1160 606 audire
1187 560 1404 606 videmur.
1462 559 1589 606 Non
1585 560 1752 615 miror,
1796 561 1955 619 quod
1942 562 2075 620 impie
2101 561 2244 620 agitis,
2286 561 2324 606 si
2352 560 2536 619 impios
2555 562 2745 608 creditis
2754 580 2861 620 esss-
2911 592 2914 595 -

389 626 521 673 deos·
509 659 522 681 ,
553 642 653 673 nam
681 628 878 674 homines
907 629 963 674 ad
993 628 1320 674 similitudinem
1346 629 1528 673 deorum
1567 643 1659 673 sese
1699 630 1968 675 conformare
2001 629 2152 676 solent.
2211 630 2276 673 At
2311 628 2545 674 ridiculum
2583 636 2649 673 est
2676 618 2852 679 credere

389 694 550 739 Jovem
578 697 771 740 vinxisse
799 705 979 755 patrem,
1013 697 1250 742 ridiculum
1287 697 1512 742 Chronum
1550 703 1713 755 patrem
1754 698 2010 751 exsecuisse,
2043 697 2278 742 ridiculum
2316 696 2431 740 bella
2466 695 2559 756 geri
2598 696 2712 740 inter
2734 695 2853 742 vdeos

391 763 713 820 certaminaque
756 763 849 807 esse
897 766 1011 808 inter
1039 780 1112 808 eos
1152 774 1194 807 et
1223 766 1533 807 controversias
1578 772 1621 807 et
1656 766 1841 809 invidias
1884 765 2297 817 vehementissimas,
2341 764 2573 808 ridiculum
2615 778 2667 807 ea
2707 765 2853 807 omnia

390 829 582 884 credere,
620 845 731 888 quae
761 838 806 874 et
834 840 985 888 poetae
1021 841 1063 875 et
1102 834 1288 888 pictores
1327 832 1571 888 reliquique
1599 833 1786 877 artifices
1825 834 2044 877 finxerunt
2081 833 2154 884 (cf.
2186 847 2227 890 p.
2259 834 2285 875 6
2314 832 2489 889 Α-Ο).
2547 831 2852 890 Maximo'pere

389 897 624 943 dolendum
654 905 734 950 est,
772 898 890 955 quod
931 908 1084 956 poetae
1120 899 1254 943 nostri
1294 907 1336 943 et
1372 899 1501 943 ceteri
1537 899 1735 951 artifices,
1774 901 1851 956 qui
1889 908 2006 943 vates
2044 908 2086 944 et
2121 916 2351 956 praecones
2380 901 2595 944 debebant
2627 916 2722 943 esse
2750 901 2855 952 veri,

389 965 619 1010 dulcedine
648 965 752 1010 artis
782 980 885 1010 suae
915 966 1080 1010 animos
1108 966 1216 1010 adeo
1236 966 1529 1010 deliniverunt
1557 971 1599 1009 et
1627 967 1959 1023 permulserunt,
1988 974 2038 1010 ut
2061 968 2153 1023 jam
2183 983 2330 1012 omnes
2359 968 2478 1012 falsis
2507 967 2594 1011 illis
2624 984 2674 1011 ac
2703 984 2855 1025 super-

387 1033 566 1077 stitiosis
596 1033 652 1076 de
682 1033 767 1077 diis
797 1033 1074 1092 opinionibus
1112 1033 1394 1091 ridiculisque
1424 1031 1584 1077 fabulis
1613 1040 1852 1079 teneantur.
1911 1035 2141 1079 Praeterea
2180 1036 2255 1091 qui
2285 1036 2458 1079 tandem
2495 1035 2673 1093 potestis
2703 1042 2855 1093 putare

387 1102 492 1144 deos
520 1102 634 1143 inter
661 1116 707 1143 se
736 1101 963 1144 dissentire
992 1102 1175 1159 aliisque
1204 1101 1289 1144 alia
1316 1101 1514 1158 placere?
1554 1100 1824 1144 Dissentiant
1844 1102 2052 1155 homines,
2082 1102 2187 1160 quid
2218 1103 2273 1144 sit
2296 1103 2477 1159 justum,
2507 1103 2615 1161 quid
2635 1103 2856 1159 injustum,

388 1168 497 1224 quid
526 1168 703 1218 bonum,
733 1168 840 1224 quid
869 1169 1044 1219 malum,
1073 1169 1180 1225 quid
1209 1169 1449 1217 honestum,
1479 1169 1586 1225 quid
1615 1176 1765 1226 turpe3
1804 1179 1848 1212 at
1877 1170 1993 1222 deos,
2023 1171 2058 1212 si
2089 1184 2190 1212 vere
2219 1178 2332 1222 sunt,
2363 1171 2542 1229 cogitari
2571 1170 2694 1212 nullo
2724 1171 2853 1213 modo

390 1235 533 1293 potest
561 1236 629 1279 his
659 1236 714 1280 de
743 1236 873 1279 rebus
902 1237 1152 1286 dissentire3
1196 1253 1295 1279 nam
1339 1237 1478 1291 prima
1523 1236 1702 1279 deorum
1746 1238 1884 1280 virtus
1927 1238 2055 1280 debet
2101 1253 2193 1279 esse
2231 1239 2412 1288 bonitas,
2456 1252 2567 1294 quae
2611 1237 2761 1278 eadem
2791 1246 2855 1279 est

388 1301 561 1360 justitia
589 1309 631 1346 et
660 1302 859 1347 honestas
891 1304 964 1355 (cf.
994 1303 1169 1360 Protag.
1201 1319 1243 1360 p.
1265 1303 1350 1347 328
1380 1302 1419 1349 C
1438 1309 1590 1361 seqq.).
1637 1303 1829 1357 [Falsam
1858 1321 1950 1348 esse
1979 1305 2236 1362 opinionem,
2266 1320 2356 1363 qua
2384 1303 2446 1347 dii
2474 1305 2587 1347 inter
2615 1319 2661 1347 se
2689 1304 2856 1346 dissen-

391 1370 472 1414 tire
500 1369 555 1413 de
584 1370 628 1412 vi
658 1369 868 1414 virtutum
899 1371 1143 1423 credantur,
1178 1378 1227 1415 ut
1258 1371 1350 1426 jam
1380 1385 1511 1427 supra
1547 1372 1839 1427 exposuimus,
1877 1372 1994 1431 εἴπερ
2031 1373 2284 1423 στασιάζουσι
2321 1372 2535 1417 locutione
2574 1379 2641 1415 ter
2674 1371 2858 1429 repetita

388 1445 429 1480 et
458 1435 603 1480 verbis
640 1444 808 1480 tantum
844 1437 1008 1480 variata
1043 1438 1297 1495 gravissime
1340 1437 1547 1481 indicavit
1585 1452 1664 1482 nec
1708 1439 1851 1483 minus
1879 1440 1934 1484 iis
1962 1439 2264 1492 locutionibus,
2295 1439 2453 1498 quibus
2482 1438 2609 1483 Plato
2638 1438 2703 1482 uti
2731 1436 2856 1490 solet,

387 1518 523 1562 quum
553 1504 914 1562 Euthyphronem
944 1519 1086 1548 errare
1115 1505 1355 1561 exprimere
1384 1505 1497 1548 vult:
1532 1506 1636 1548 κατὰ
1673 1508 1738 1549 τὸν
1775 1508 1844 1550 σὺν
1880 1508 1995 1563 λόγον
2032 1522 2074 1565 p.
2105 1510 2130 1552 7
2161 1508 2215 1559 E,
2263 1509 2322 1555 ὡς
2346 1507 2395 1551 eu)
2425 1508 2507 1567 φῂς
2541 1522 2582 1564 p.
2615 1507 2639 1550 7
2669 1505 2723 1558 Ε,
2752 1506 2812 1553 ὡς·
2834 1507 2859 1549 ὁ

387 1574 459 1621 σὸς
481 1573 598 1629 λόγος
623 1588 663 1630 p.
695 1574 721 1616 8
752 1572 796 1615 D
827 1573 899 1625 (cf.
930 1587 973 1630 p.
1006 1574 1060 1616 10
1090 1572 1133 1615 D
1164 1580 1205 1616 et
1234 1574 1293 1620 ὡς
1316 1573 1365 1615 σι)
1392 1572 1523 1629 λέγεις
1548 1587 1589 1629 Ρ.
1612 1574 1640 1617 3
1671 1573 1728 1626 D,
1757 1589 1799 1631 p.
1821 1576 1850 1617 4
1878 1574 1932 1626 E,
1962 1589 2004 1630 p.
2025 1576 2079 1619 10
2098 1575 2197 1629 D)].
2263 1575 2540 1631 Quapropter
2558 1573 2858 1629 exstirpandae

387 1646 490 1682 sunt
533 1653 588 1682 ex
632 1639 786 1683 animis
831 1639 984 1683 vestris
1028 1638 1161 1682 falsae
1207 1638 1307 1682 illae
1350 1638 1405 1682 de
1448 1638 1533 1683 diis
1576 1639 1799 1698 opiniones
1843 1656 1894 1686 ac
1936 1655 2113 1699 prorsus
2153 1641 2512 1693 exterminandae,
2560 1641 2596 1685 si
2626 1640 2681 1684 ad
2711 1656 2859 1686 veram

386 1708 591 1767 pietatem
620 1708 849 1765 pervenire
877 1707 1023 1749 vultis.
1067 1707 1181 1750 Nam
1211 1720 1323 1764 quae
1352 1707 1489 1765 pictas
1519 1707 1639 1751 falsis
1669 1708 1825 1758 nititur
1852 1709 1907 1752 de
1934 1709 2017 1752 diis
2045 1708 2334 1767 opinionibus,
2363 1709 2459 1766 ipsa
2486 1708 2596 1753 falsa
2614 1708 2669 1752 sit
2688 1721 2861 1753 neccsse

391 1784 469 1822 est.
527 1776 672 1830 Quam
702 1790 803 1817 vere
849 1776 954 1817 haec
983 1776 1181 1818 Socrates
1211 1775 1414 1831 disputet,
1457 1775 1555 1832 quis
1593 1783 1669 1826 est,
1714 1777 1821 1834 quin
1864 1775 2103 1834 intelligat?
2160 1775 2259 1819 Hoc
2303 1776 2418 1819 enim
2460 1775 2651 1818 dubitari
2696 1776 2860 1833 nequit,

391 1845 512 1903 quin,
541 1857 631 1900 quo
659 1843 811 1900 purior
839 1858 889 1886 ac
917 1843 1061 1886 verior
1090 1843 1145 1884 sit
1173 1843 1243 1885 dei
1265 1843 1464 1899 cognitio,
1494 1859 1546 1886 eo
1575 1844 1725 1900 purior
1753 1848 1804 1887 ⁸c
1823 1844 1966 1887 verior
1993 1844 2049 1886 sit
2068 1844 2217 1901 pietas,
2245 1843 2479 1886 dummodo
2499 1843 2692 1886 homines
2720 1844 2851 1900 hujus

390 1911 564 1956 virtutis
593 1910 679 1954 sint
708 1910 856 1968 cupidi
885 1925 935 1954 ac
964 1910 1157 1956 studiosi.

599 1978 776 2034 Quibus
806 1978 1026 2036 expositis,
1056 1991 1164 2035 quas
1193 1977 1323 2021 falsas
1353 1978 1407 2021 de
1438 1978 1521 2021 diis
1549 1978 1773 2035 opiniones
1801 1980 1927 2025 Plato
1949 1980 2169 2025 Socratem
2199 1978 2454 2023 refutantem
2483 1978 2623 2031 faciat,
2653 1978 2852 2026 vidimus.

391 2049 543 2106 Atque
573 2046 655 2090 hoc
684 2061 820 2089 unum
850 2046 933 2089 hoc
962 2046 1008 2088 in
1037 2045 1214 2103 dialogo
1243 2046 1369 2090 Plato
1398 2047 1537 2103 egisse
1556 2047 1741 2100 videtur,
1770 2054 1820 2091 ut
1848 2047 1976 2091 falsas
2005 2061 2098 2091 esse
2126 2061 2176 2090 ac
2205 2045 2520 2103 superstitiosas
2549 2045 2858 2091 demonstraret

391 2115 594 2174 vulgares
624 2114 721 2156 illas
741 2114 989 2171 opiniones3
1019 2128 1120 2156 nam
1148 2127 1361 2170 nusquam
1391 2114 1562 2156 disertis
1582 2114 1727 2158 verbis
1756 2115 1875 2167 dicit,
1904 2128 2036 2172 quam
2064 2114 2157 2171 ipse
2176 2113 2378 2170 pietatem
2407 2126 2554 2156 veram
2583 2127 2675 2156 esse
2704 2119 2862 2157 statuat

392 2183 670 2241 dignamque,
708 2195 840 2239 quam
880 2181 1076 2223 homines
1115 2188 1158 2223 et
1186 2181 1517 2238 contemplando
1547 2189 1590 2224 et
1621 2182 1789 2239 agendo
1817 2181 2142 2240 amplectantur.
2201 2180 2351 2224 Nihilo
2387 2190 2530 2224 tamen
2560 2180 2702 2224 minus
2730 2181 2860 2226 liceat

392 2251 542 2308 paucis
571 2250 798 2307 exquirere
844 2257 886 2292 et
925 2249 1181 2301 examinare,
1223 2249 1330 2306 quid
1373 2250 1466 2306 ipse
1495 2250 1622 2293 Plato
1652 2251 1707 2293 de
1750 2251 1921 2308 pietatis
1950 2250 2123 2293 notione
2165 2263 2216 2292 ac
2245 2249 2387 2305 specie
2430 2249 2611 2291 sensisse
2640 2249 2850 2292 videatur.

393 2317 550 2374 Neque
579 2316 757 2360 difficile
787 2317 869 2359 erit
897 2317 1006 2359 haec
1034 2316 1260 2366 disserere,
1289 2317 1326 2358 si
1355 2317 1514 2372 lepore,
1544 2331 1644 2373 quo,
1674 2332 1786 2374 quae
1814 2318 1908 2374 ipse
1946 2317 2115 2370 sentiat,
2151 2315 2423 2358 dissimulare
2458 2315 2642 2373 videtur,
2681 2315 2853 2359 sublato

393 2384 537 2439 ipsum
567 2382 788 2426 Socratem
828 2382 987 2424 intueri
1016 2382 1110 2424 ausi
1146 2381 1307 2424 erimus
1327 2383 1539 2425 contraria
1567 2385 1840 2435 sentientem3
1883 2399 1964 2426 nec
2007 2382 2247 2439 quidquam
2290 2382 2409 2424 aliud
2445 2382 2570 2424 nobis
2613 2383 2860 2425 faciendum

383 2450 580 2501 videtur,
611 2462 741 2507 quam
771 2455 832 2500 ut,
862 2462 973 2506 quae
1015 2448 1187 2506 singula
1216 2448 1441 2506 bucusque
1470 2449 1685 2506 copiosius
1729 2449 2069 2507 explanavimus,
2114 2465 2165 2492 ea
2209 2448 2397 2491 breviter
2440 2448 2858 2505 comprehendamus

394 2522 438 2561 et
465 2516 512 2560 in
540 2531 629 2561 uno
658 2522 889 2574 conspectu
919 2529 1141 2574 ponamus.

602 2584 703 2627 Hoc
730 2591 875 2626 autem
894 2590 993 2626 ante
1012 2583 1156 2626 omnia
1184 2583 1385 2641 postulat,
1417 2591 1465 2626 ut
1494 2590 1537 2626 et
1568 2582 1669 2627 boni
1700 2584 1762 2627 dii
1792 2599 1842 2628 ac
1871 2584 2006 2629 sancti
2026 2598 2119 2628 esse
2147 2590 2192 2628 et
2220 2583 2365 2636 iidem,
2396 2582 2503 2640 quid
2533 2582 2589 2626 sit
2620 2583 2862 2636 honestum,

398 2652 506 2711 quid
535 2658 676 2711 turpe,
704 2665 880 2711 prorsus
919 2651 1032 2693 inter
1068 2665 1113 2693 se
1151 2651 1390 2694 consentire
1429 2651 1681 2705 credantur3
1720 2652 1838 2710 quod
1877 2658 2111 2710 utrumque
2140 2650 2401 2710 Euthyphro
2430 2650 2555 2696 aliter
2583 2650 2732 2696 statuit
2762 2666 2805 2710 p.
2835 2652 2862 2697 6

396 2721 552 2771 A—c,
582 2736 624 2778 p.
657 2722 682 2762 7
714 2720 758 2762 D
786 2743 845 2751 —
874 2721 901 2762 8
931 2720 983 2764 Ε.
1044 2719 1176 2774 Quod
1207 2720 1333 2761 Plato
1361 2721 1443 2762 hoc
1471 2722 1516 2762 in
1546 2721 1720 2779 dialogo
1750 2727 1862 2763 tecte
1890 2726 2020 2778 atque
2049 2720 2232 2764 obscure
2250 2719 2426 2772 indicat,
2455 2719 2702 2777 planissime
2732 2726 2863 2777 atque

396 2789 664 2844 apertissime
693 2788 739 2829 in
768 2788 865 2829 aliis
894 2788 1084 2844 exponit,
1115 2803 1169 2828 ex
1199 2788 1360 2843 quibus
1390 2788 1467 2829 hos
1497 2789 1607 2830 duos
1636 2789 1754 2831 locos
1783 2790 2022 2831 laudamus.
2074 2790 2123 2830 Τὸ
2151 2789 2261 2829 θεῖον
2288 2789 2419 2838 καλὸν,
2449 2790 2582 2844 σοφὸν,
2613 2788 2771 2842 ἀγαθὸν
2796 2788 2865 2829 καὶ

388 2853 477 2899 ιπᾶν
503 2856 531 2898 ὅ
555 2872 590 2899 τι
620 2856 790 2898 τοιοῦτον
817 2854 1005 2898 Phaedr.
1033 2871 1075 2912 p.
1107 2854 1205 2900 246.
1260 2854 1425 2909 Ἆγαθὸς
1454 2857 1478 2897 ὁ
1506 2855 1603 2903 θεὸς
1628 2888 1769 2899 .....
1805 2858 1872 2899 καὶ
1902 2860 1980 2910 τῶν
2004 2856 2082 2913 μὲν
2120 2855 2290 2910 ἀγαθῶν
2327 2856 2471 2898 οὐδένα
2506 2856 2622 2898 ἄλλον
2658 2854 2865 2904 αἰτιατέον,

398 2926 478 2966 τῶν
506 2922 554 2965 δὲ
582 2924 717 2964 κακῶν
745 2921 826 2964 ἀλλ’
858 2921 959 2964 ἄττα
989 2921 1056 2964 δεῖ
1081 2921 1211 2980 ζητεῖν
1241 2921 1290 2964 τὰ
1320 2919 1439 2973 αἴτια,
1469 2922 1549 2964 ἀλλ’
1581 2923 1628 2967 οὐ
1657 2924 1723 2966 τὸν
1751 2923 1848 2966 θεόν
1887 2922 1942 2966 de
1960 2924 1962 2926 ’
1979 2922 2106 2980 Repl.
2136 2921 2198 2966 II.
2228 2938 2270 2980 p.
2301 2923 2398 2968 379.
2458 2922 2694 2966 Imitandos
2722 2928 2866 2965 autem

396 3004 492 3034 esse
520 2990 625 3031 deos
654 2989 900 3032 hominibus
929 2989 1037 3032 adeo
1067 3003 1147 3046 per
1174 3004 1219 3032 se
1248 2989 1520 3047 intelligitur,
1549 2997 1598 3034 ut
1617 3006 1743 3035 nemo
1772 3005 1965 3049 unquam
1994 2990 2138 3043 fuerit,
2167 2990 2243 3048 qui
2273 2990 2317 3033 in
2338 2990 2651 3033 dubitationem
2679 2995 2862 3033 vocaret.

397 3057 498 3100 Hac
516 3056 572 3099 de
592 3071 638 3098 re
658 3064 700 3099 et
718 3056 979 3114 Euthyphro
999 3061 1060 3114 (p.
1077 3058 1103 3099 6
1124 3057 1188 3109 A)
1220 3063 1262 3099 et
1281 3056 1478 3100 Socrates
1498 3057 1611 3101 inter
1629 3073 1675 3102 se
1695 3059 1977 3102 consentiunt.
2028 3058 2099 3101 Ex
2118 3058 2314 3102 Platonis
2334 3058 2514 3115 reliquis
2534 3056 2717 3113 dialogis
2736 3055 2861 3100 illum

397 3124 622 3168 Theaeteti
652 3125 1040 3182 praeclarissimum
1060 3125 1205 3169 locum
1235 3124 1389 3169 afferre
1418 3124 1557 3178 liceat,
1587 3140 1674 3184 quo
1696 3126 1893 3171 Socrates
1921 3127 1982 3170 ita
2011 3126 2144 3171 verba
2163 3127 2285 3171 facit:
2338 3125 2427 3170 06?
2449 3123 2668 3168 ἀπολέσθαι
2688 3124 2737 3168 τὰ
2756 3125 2864 3169 κακὰ

399 3194 578 3245 δυνατὸν,
598 3192 635 3235 ὦ
656 3193 856 3251 θεόδωρε·
876 3194 1103 3237 ὑπεναντίον
1118 3195 1202 3252 γάρ
1222 3210 1256 3237 τι
1276 3197 1335 3251 τῷ
1353 3195 1505 3251 ἀγαθῷ
1519 3195 1584 3238 ἀεὶ
1603 3194 1703 3239 εἶναι
1723 3196 1889 3253 ἀνάγκη·
1910 3194 2005 3238 οὔτ’
2020 3195 2073 3237 ἐν
2100 3195 2159 3238 19e
2169 3196 2245 3240 οἷς
2267 3193 2399 3236 αὐτὰ
2420 3192 2689 3250 ἱδρῦσθαι,
2713 3195 2781 3253 τὴν
2803 3194 2862 3239 δὲ.

400 3262 546 3320 θνητὴν
583 3262 702 3319 φύσιν
729 3263 796 3302 καὶ
825 3262 937 3304 τόνδε
966 3264 1031 3304 τὸν
1059 3263 1173 3304 τύπον
1202 3263 1407 3318 περιπολεῖ
1432 3263 1481 3312 ἐξ
1504 3264 1690 3321 ἀνάγκης.
1720 3263 1783 3305 διὸ
1810 3264 1877 3305 καὶ
1906 3262 2129 3317 πειρᾶσθαι
2154 3262 2241 3319 χρὴ
2270 3259 2433 3303 ἐνδένδε
2462 3260 2592 3304 ἐκεῖσε
2618 3261 2781 3319 φεύγειν
2805 3262 2865 3304 ὅτι

402 3331 580 3389 τάχιστα.
625 3330 735 3388 φυγὴ
778 3330 824 3372 δὲ
866 3330 1113 3386 ὁμοίωσις
1153 3330 1258 3386 θεῷ
1301 3331 1428 3372 κατὰ
1472 3333 1522 3373 τὸ
1565 3331 1788 3374 δυνατόν·
1826 3331 2077 3388 ὁμοίωσις
2113 3328 2167 3371 δὲ
2211 3328 2413 3371 δίκαιον
2451 3330 2537 3372 καὶ
2574 3330 2709 3372 ὅσιον
2733 3329 2864 3386 μετὰ

311 3426 314 3429 -
405 3399 706 3458 φρονήσεως
731 3396 989 3454 γενέσθαι.
1046 3396 1221 3440 Theaet-
1251 3413 1293 3454 p.
1326 3399 1407 3441 176
1438 3398 1535 3442 AB.
1595 3398 1714 3454 Ergo
1744 3399 1782 3441 si
1812 3398 1910 3454 quis
1952 3399 2085 3440 bonos
2114 3410 2165 3439 ac
2203 3404 2369 3441 sanctos
2399 3411 2491 3441 esse
2520 3397 2623 3442 deos
2651 3397 2736 3442 sibi
2764 3411 2863 3454 per-

406 3465 550 3516 suasit,
577 3467 621 3509 in
652 3482 802 3510 eorum
834 3466 1022 3510 bonitate
1052 3480 1103 3509 ac
1131 3464 1353 3508 sanctitate
1373 3464 1579 3508 imitanda
1608 3465 1647 3507 ei
1677 3465 1794 3508 omni
1823 3464 1982 3507 virium
2011 3464 2277 3507 contentione
2307 3465 2615 3509 elaborandum
2644 3473 2720 3510 est.
2773 3461 2862 3506 Sed
