3166 4113
1486 246 1640 304 '58

378 404 652 463 dialogorum
689 348 797 450 loen
834 400 907 445 vel
943 398 1085 444 obiter
1119 400 1282 463 tetigit
1296 399 1367 446 vel
1395 400 1572 463 uberius
1602 399 1802 445 tractavit
1828 398 1909 450 ita,
1928 405 1998 441 ιιι
2028 369 2255 458 doceatur,
2294 397 2432 456 quid
2445 412 2672 456 commune
2708 400 2846 468 putu
2871 416 2895 453 χ

565 483 667 524 cum
695 467 875 527 reliquis
904 467 1180 513 virtutibus'
1166 468 1242 522 ιὶι,
1277 458 1411 531 quas
1409 467 1549 526 'apud
1577 466 1805 512 Platonem
1843 465 2036 509 omnium
2075 460 2305 524 primariae
2325 472 2476 523 atque
2508 477 2702 514 summae
2723 463 2847 525 jndid

419 548 421 550 ,
476 587 484 591 ⁷
538 569 552 591 ,
587 536 775 603 maxime
809 551 910 581 cum
928 535 1099 594 justitia
1126 544 1169 580 et
1195 531 1491 649 tempeffi
1521 535 1597 587 (cf.
1622 527 1802 595 Ἧιιιιι.
1831 549 1872 592 p.
1905 534 2009 585 1⁷63
2048 532 2104 577 de
2133 531 2302 591 republ.
2332 531 2395 579 11.
2423 548 2466 591 p.
2494 533 2606 585 379;
2643 534 2752 593 Leg.
2780 534 2845 582 X.

380 603 429 669 ᾗ.
428 597 543 658 ῥοῦ
573 604 642 656 D;
676 604 853 665 Protag.
883 620 927 664 p.
956 605 1043 648 3³0
1070 603 1111 648 B
1140 628 1196 637 —
1382 633 1401 658 ,
1487 617 1513 646 ο
1651 602 1788 646 ,507
1820 602 1900 654 A),
1937 607 2032 645 tum
2070 600 2115 644 in
2145 600 2268 644 nullo
2297 599 2471 658 dialogo
2499 595 2741 646 accuratius
2769 609 2846 648 aut
2884 630 2889 640 ·

380 667 617 732 copiosius
639 670 901 716 examinavit
936 686 1068 728 quam
1102 668 1432 751 Euthyphrone.
1548 718 1556 723 “
1586 661 1605 681 ⁴³
1656 677 1801 714 autem
1836 668 1962 713 Plato
2001 668 2057 712 de
2096 667 2267 728 pietatis
2309 683 2360 712 ac
2399 667 2634 712 sanctitatis
2673 669 2846 713 notione

379 739 629 799 proponat,
665 754 733 797 es,
755 738 862 783 mihi
902 737 1079 795 quidem
1114 736 1361 785 ιιιιιιιιιιι
1386 728 1651 799 dignissima
1679 738 1900 804 videntur,
1939 752 2050 796 quae
2090 736 2326 808 identidem
2365 736 2687 795 perpendantur
2714 742 2844 792 atque

380 807 538 852 numi.
587 873 748 919 omnia
775 820 933 924 ιιξιιιι.
962 886 1075 929 quae
1101 859 1417 919 sunbaumiua
1446 869 1609 928 aliique
1638 871 1890 931 interpretes
1921 885 2078 929 magna
2107 864 2345 916 doctrina
2333 888 2378 914 ιιι
2409 872 2499 915 suis
2528 871 2844 915 commentariis

380 942 436 987 de
464 940 629 999 duplici
659 940 789 996 hujus
818 930 1006 997 dialogi
1007 939 1237 1000 proposito
1260 945 1572 996 exposuerunt,
1594 937 1981 997 praetermittentes
2012 953 2092 983 nec
2121 947 2257 983 artem
2277 939 2674 996 dialecticamque.
2703 938 2844 997 philo-

379 1008 541 1069 sophus
570 1007 699 1051 etiam
729 1006 801 1050 hic
830 1021 934 1049 usus
962 1014 1028 1050 est
1056 1004 1299 1050 admirabili
1301 1005 1353 1058 ‚¹)
1385 1003 1650 1068 diligentius
1664 1014 1994 1068 penequentes,
2031 1020 2083 1049 ea
2120 1013 2290 1049 tantum
2330 1020 2576 1063 promemus
2617 1015 2659 1049 et
2687 1014 2845 1049 tracta-

380 1076 541 1128 bimus,
571 1090 682 1141 quae
711 1074 767 1118 ad
795 1074 936 1133 ipsam
965 1074 1138 1132 pietatis
1167 1074 1397 1125 notionem,
1425 1073 1600 1130 qualem
1621 1063 1747 1118 Plato
1774 1071 1954 1117 definire
1984 1072 2183 1126 voluerit,
2215 1081 2330 1116 recte
2360 1073 2675 1130 explanandam
2705 1075 2845 1118 facere

379 1142 657 1210 videbuntur.
715 1138 782 1187 Ut
818 1150 963 1186 autem
997 1142 1064 1185 in
1084 1134 1154 1185 hb
1182 1141 1426 1185 mdis
1464 1148 1580 1185 recte
1615 1140 1918 1199 procedamus,
1956 1139 2146 1198 primum
2183 1149 2486 1218 argumentum
2515 1140 2845 1198 Euthyphronis

381 1205 514 1270 qnffl'n
545 1211 796 1255 brevissime
824 1211 920 1254 θινὶ
955 1207 1129 1289 poterit
1151 1209 1434 1269 exponemus,
1473 1218 1568 1251 tum
1606 1222 1713 1265 quas
1748 1209 1804 1252 de
1841 1209 1999 1266 pietate
2041 1208 2170 1251 falsas
2209 1207 2433 1286 opiniones
2464 1207 2590 1251 Plato
2620 1208 2844 1264 Socratem

384 1280 643 1325 ιωιιιιι
682 1279 831 1329 iaciat,
871 1277 1099 1335 copiosius
1109 1276 1400 1330 disseremus,
1439 1276 1628 1332 denique
1657 1277 1788 1332 quam
1816 1276 1908 1332 ipse
1938 1276 2029 1318 sive
2060 1275 2186 1318 Plato
2216 1275 2307 1318 sive
2336 1275 2535 1319 Socrates
2567 1275 2737 1333 pietatis
2766 1289 2845 1318 no·
2875 1290 2877 1292 ’

382 1347 545 1391 tioffl
573 1344 776 1408 amplecti
808 1344 1022 1395 videatur,
1045 1341 1394 1388 exaurinabi'mus
1418 1350 1547 1400 atque
1576 1342 1901 1387 illustrabimus.

437 1434 440 1438 ·
485 1421 505 1432 ⁰
585 1405 861 1457 Ordiendum
890 1418 955 1455 ιιι
983 1407 1039 1455 ‘ab
1067 1411 1166 1477 ipso
1178 1409 1511 1479 Euthyphronis
1539 1418 1805 1467 argumento.
1850 1410 1921 1454 Ex
1951 1426 2030 1454 suo
2061 1427 2192 1463 more,
2222 1427 2351 1468 quem
2381 1426 2479 1454 raro
2506 1410 2702 1468 negligit,
2717 1410 2843 1453 Plato

378 1473 718 1542 prooemium
747 1479 875 1537 (Cap.
905 1478 998 1522 1-
1009 1478 1065 1531 V,
1093 1492 1136 1536 p.
1166 1478 1194 1520 2
1207 1474 1371 1522 A--5
1393 1477 1473 1531 D)
1494 1477 1740 1535 pmmiet‘it.
1799 1478 1878 1521 Ab
1906 1478 2028 1522 initio
2061 1479 2320 1535 Euthyphro
2352 1479 2543 1528 miratur,
2582 1493 2661 1520 cur
2689 1477 2845 1521 Socra-

382 1557 448 1593 tes
477 1550 609 1592 home
636 1546 1009 1592 innocentissimus
1047 1546 1092 1588 in
1121 1546 1291 1604 porticu
1317 1545 1440 1602 regia
1479 1543 1778 1588 commoretur.
1837 1544 1908 1588 Ibi
1937 1546 2054 1589 enim
2083 1548 2107 1589 ὁ
2135 1545 2279 1605 ἄρχων
2305 1546 2498 1601 βασιλεὺς
2522 1561 2671 1589 causas
2701 1543 2844 1588 caedis

381 1624 426 1659 et
453 1611 686 1672 impietatis
714 1610 971 1670 cognoscere
998 1609 1187 1655 solebat.
1233 1612 1485 1670 Respondet
1504 1611 1703 1655 Socrates
1732 1625 1778 1655 se
1806 1626 1833 1654 a
1857 1611 2020 1655 Melete
2051 1612 2240 1670 quodam
2264 1613 2427 1671 juvene
2455 1613 2624 1672 procaci
2654 1620 2696 1656 et
2724 1626 2846 1656 arro-

378 1682 501 1740 ganti
532 1680 766 1739 impietatis
794 1695 888 1723 esse
914 1689 1177 1731 nemun,
1207 1678 1325 1736 quod
1355 1687 1399 1722 et
1421 1679 1605 1735 juvenes
1625 1688 1917 1736 corrumperet
1936 1689 1979 1722 et
1998 1695 2132 1723 novos
2152 1681 2255 1724 deos
2276 1683 2449 1726 faceret.
2495 1681 2593 1724 Hac
2622 1696 2668 1724 re
2697 1680 2846 1738 paucis

383 1750 582 1809 &posita
595 1748 794 1794 Socrates
810 1746 1171 1805 Euthyphronem
1196 1747 1447 1804 inungat,
1476 1760 1608 1802 quam
1638 1747 1732 1803 ipse
1760 1761 1932 1790 causam
1965 1747 2134 1799 habeat,
2166 1756 2312 1790 utrum
2334 1756 2505 1791 accuset
2524 1763 2578 1791 an
2608 1754 2845 1791 accusetur.
2915 1794 2919 1800 ,

377 1812 474 1874 Qui
502 1815 733 1874 respondet
760 1830 807 1860 se
832 1829 1036 1859 accusare
1074 1812 1298 1858 lions-flii
1323 1820 1516 1872 patrem,
1553 1814 1630 1871 qui
1659 1814 1971 1858 mercenarium
2003 1814 2261 1872 quendam
2249 1831 2295 1858 ιιι
2324 1815 2466 1859 insula
2495 1815 2621 1858 Naxo
2651 1815 2847 1858 vinctum

390 1884 506 1930 ffie
545 1892 587 1928 ιι
622 1883 786 1942 frigore
808 1883 955 1942 perire
977 1897 1135 1942 p—
1154 1882 1232 1929 ὲι.
1278 1881 1546 1941 Priusquam
1565 1882 1680 1927 enim
1700 1883 1737 1927 is
1758 1882 1965 1935 rediisset,
1998 1898 2129 1940 quem
2145 1882 2340 1926 Athenas
2369 1882 2426 1926 ad
2453 1898 2597 1926 rerum
2628 1897 2847 1926 sacrarum

379 1951 659 2011 interpretem
688 1950 873 1994 mieinet
900 1950 1160 2002 multum,
1171 1950 1243 1993 de
1260 1948 1348 1994 ab
1368 1950 1552 1995 bomine
1581 1950 1689 2008 quid
1708 1958 1818 1994 esset
1837 1950 2125 2002 statuendum,
2154 1951 2466 1994 mercenarium
2494 1959 2712 1994 mortuum
2741 1965 2844 1996 esse.

382 2019 557 2064 Deinde
586 2034 722 2076 quum
751 2016 1053 2087 interrogatus,
1080 2031 1187 2061 nnm
1216 2018 1387 2087 pietatis
1414 2025 1458 2062 et
1480 2018 1719 2078 mus
1738 2018 1923 2062 rationes
1953 2018 2015 2062 ita
2042 2025 2286 2076 perspectas
2315 2017 2505 2070 haberet,
2534 2026 2583 2061 ut
2614 2017 2737 2062 hae
2724 2033 2769 2060 ιιι
2799 2032 2847 2061 re

377 2081 646 2168 pefflffieili
655 2099 835 2144 peccare
875 2099 960 2128 non
989 2084 1154 2142 posset,
1190 2084 1362 2143 penitus
1396 2100 1445 2129 se
1480 2087 1726 2145 perspeoeas
1756 2084 1914 2130 habere
1943 2087 2211 2139 affirmasset,
2248 2086 2447 2132 Socrates
2475 2086 2530 2130 ab
2561 2100 2613 2130 eo
2641 2085 2762 2145 petit,
2800 2093 2850 2128 ut

384 2157 543 2222 ipsum,
571 2154 648 2211 qui
677 2168 855 2211 prorsus
883 2152 1108 2210 imperitus
1137 2153 1194 2196 sit
1223 2168 1371 2196 earum
1401 2168 1560 2205 rerum,
1588 2153 1778 2206 edoceat,
1808 2168 1864 2197 ne
1878 2152 2034 2198 Meleti
2055 2155 2316 2198 accusationi
2327 2153 2627 2198 succumbere
2656 2161 2850 2212 cogatur.

378 2223 480 2268 Boc
505 2219 716 2268 exordio
727 2221 799 2264 via
834 2218 890 2263 'ad
925 2220 1064 2278 ipsam
1098 2234 1191 2263 rem
1226 2228 1479 2278 praeparata
1511 2221 1604 2276 jam
1642 2221 1819 2279 prima
1855 2210 2019 2280 dialogi
2055 2231 2213 2280 parte
2252 2223 2377 2280 (Cap.
2407 2223 2477 2267 VI
2512 2231 2555 2266 et
2585 2222 2849 2281 V11,p.5

379 2290 512 2334 11..-
495 2291 568 2334 6
590 2289 666 2342 Ε)
688 2288 950 2345 Euthyphro
978 2288 1290 2343 interrogatus,
1328 2288 1437 2344 quid
1465 2288 1520 2331 sit
1561 2289 1718 2345 pietas,
1757 2289 1864 2345 quid
1894 2287 2116 2347 impietas,
2156 2290 2387 2348 respondet
2416 2291 2680 2348 pietatem
2708 2290 2763 2333 in
2791 2304 2850 2333 eo

379 2359 521 2418 ipso,
548 2355 669 2414 'quod
690 2366 806 2400 nunc
832 2361 946 2413 agat,
974 2353 1212 2421 positam
1239 2369 1383 2408 esse,
1411 2362 1470 2400 ut
1502 2356 1767 2409 malefici,
1796 2357 2115 2415 quicunque
2145 2358 2275 2410 sint,
2305 2358 2470 2404 etiamsi
2490 2366 2614 2416 pater
2642 2366 2685 2402 et
2715 2365 2851 2402 mater

378 2427 495 2478 sint,
503 2426 679 2481 injus
709 2431 999 2474 vocentur,
1039 2423 1375 2481 impietatem
1405 2423 1461 2465 in
1490 2437 1571 2476 eo,
1614 2433 1674 2467 ut
1701 2440 1806 2469 uon
1835 2434 2188 2469 accusentur.
2246 2425 2348 2480 Qua
2377 2427 2422 2468 in
2452 2440 2499 2468 re
2528 2426 2850 2469 criminationes

376 2495 423 2537 in
453 2501 499 2537 se
529 2493 741 2556 conjectas
770 2492 832 2535 ita
860 2491 1027 2534 diluere
1057 2489 1215 2542 studet,
1257 2497 1305 2533 ut
1335 2490 1391 2534 ad
1421 2490 1619 2549 exempla
1646 2491 1772 2535 «Iovis
1802 2493 1994 2536 omnium
2027 2489 2206 2536 deorum
2235 2493 2386 2551 optimi
2416 2507 2467 2537 ac
2488 2492 2720 2550 justissimi
2748 2507 2850 2551 pro-

377 2570 516 2613 vocet,
557 2561 635 2618 qni
661 2567 828 2618 patrem
857 2559 1066 2610 vinxerit,
1104 2566 1147 2602 et
1176 2555 1355 2611 Chroni,
1386 2559 1463 2616 qui
1493 2567 1660 2618 patrem
1690 2560 1941 2606 exsecuerit.
2003 2560 2200 2604 Socrates
2229 2576 2332 2605 vero
2364 2573 2505 2605 vatem
2536 2561 2850 2604 Atheniensem

377 2629 638 2685 vulgaribus
665 2622 984 2684 opinationibus
1013 2623 1235 2669 addietum
1263 2626 1551 2669 urbanissime
1580 2641 1630 2670 ac
1660 2626 1937 2685 lepidissime>
1956 2627 2121 2679 irridet,
2150 2627 2268 2685 quod
2300 2628 2471 2673 fabulas
2500 2628 2714 2686 ejusmodi
2742 2628 2849 2673 ridi-

380 2696 500 2741 culas
529 2695 584 2739 de
613 2694 697 2738 diis
726 2693 847 2737 fictas
877 2701 920 2737 et
947 2707 975 2736 a
1003 2690 1141 2750 poetis
1169 2691 1495 2750 pictoribusque
1524 2694 1570 2736 in
1600 2694 1759 2752 vulgus
1788 2703 2047 2753 propagatas
2077 2694 2234 2748 credat,
2276 2711 2540 2754 quamquam
2577 2696 2751 2739 simulat
2789 2710 2848 2748 se,

384 2765 461 2821 qui
494 2763 670 2808 omnino
698 2761 755 2805 de
785 2761 869 2804 diis
897 2761 1004 2804 certi
1033 2760 1275 2818 quidquam
1306 2761 1435 2803 statui
1466 2776 1591 2817 posse
1620 2770 1760 2818 neget,
1775 2761 2084 2820 Euthyphroni
2114 2777 2200 2805 non
2230 2777 2356 2820 posse
2385 2777 2472 2806 non
2500 2764 2710 2806 assentiri.
2760 2763 2847 2807 Sed

376 2832 446 2877 his
475 2830 648 2882 fabulis,
678 2844 732 2873 ne
760 2843 786 2873 a
811 2823 1035 2888 'proposito
1064 2827 1352 2881 aberraretur,
1382 2828 1535 2881 missis,
1563 2828 1640 2873 ubi
1667 2828 1928 2887 Euthyphm
1958 2846 1985 2873 a
2001 2830 2179 2875 Socrate
2208 2845 2258 2874 eo
2289 2832 2502 2874 adductus
2531 2839 2609 2883 est,
2638 2840 2687 2873 ut
2717 2832 2845 2873 etiam

376 2901 515 2943 multa
542 2899 642 2941 alia'
655 2912 748 2940 esse
777 2897 1054 2948 concederet,
1093 2897 1137 2939 in
1177 2896 1338 2953 quibus
1369 2904 1443 2939 aut
1473 2897 1607 2952 pietas
1647 2905 1722 2940 aut
1757 2897 1953 2954 impietas
1986 2904 2249 2950 cerneretur,
2292 2899 2454 2955 quibus
2485 2898 2629 2942 verbis
2659 2897 2846 2941 actiones

374 2968 482 3010 dicit
514 2965 691 3017 similes,
726 2963 884 3022 quibus
906 2964 1010 3021 jura
1028 2970 1071 3007 et
1091 2963 1237 3008 divina
1267 2972 1309 3008 et
1332 2963 1519 3008 humana
1538 2964 1837 3022 defendantur,
1865 2965 2069 3022 improba
2090 2965 2280 3009 facinora
2303 2963 2627 3023 prohibeantur,
2648 2965 2847 3009 Socrates

376 3040 506 3092 ne'gat
534 3033 611 3074 illa
640 3032 885 3075 definitione
920 3031 1006 3076 eibi
1045 3045 1138 3079 esse
1167 3032 1456 3083 satisfactum,
1496 3033 1659 3090 quippe
1696 3046 1783 3089 qua
1820 3047 1951 3076 unam
1994 3032 2226 3078 alteramve
2266 3049 2359 3078 rem
2397 3034 2515 3092 piam
2553 3042 2629 3076 aut
2669 3033 2844 3090 impiam

376 3103 541 3153 afferat,
571 3100 647 3143 sed
676 3115 761 3142 non
790 3115 940 3143 omnes
969 3100 1316 3157 comprehendat,
1352 3114 1539 3158 eumque
1570 3100 1779 3153 hortatur,
1810 3108 1857 3144 ut
1888 3101 2091 3160 pietatem
2120 3109 2162 3147 et
2190 3102 2457 3161 impietatem
2486 3101 2547 3145 ita
2575 3100 2764 3153 definiat,
2795 3110 2843 3145 ut

376 3184 524 3213 omnes
554 3168 750 3226 singulae
778 3180 852 3212 res·
877 3176 1007 3224 atque
1037 3168 1222 3212 actiones
1251 3170 1307 3212 ad
1337 3170 1555 3212 notionem
1593 3168 1837 3227 generalem
1872 3171 2023 3214 referri
2053 3171 2229 3228 possint.
2290 3168 2360 3212 Ita
2388 3177 2560 3213 coactus
2582 3169 2841 3227 Euthyphro

377 3236 621 3280 secunda
651 3235 813 3293 dialogi
843 3244 1004 3293 parte
1034 3235 1160 3292 (Cap.
1193 3237 1419 3280 VIII-—X
1448 3245 1491 3280 et
1520 3237 1691 3279 initium
1722 3237 1827 3295 Cap.
1860 3238 1948 3291 XI,
1989 3255 2030 3296 p.
2062 3242 2087 3282 7
2120 3239 2166 3281 A
2193 3261 2252 3269 —-
2281 3237 2307 3279 9
2340 3236 2396 3287 C)
2427 3237 2641 3280 notionem
2672 3238 2841 3295 pietatis

585 3339 612 3382 ¹)
636 3338 714 3373 Hac
737 3338 781 3374 de
803 3348 843 3373 re
866 3339 1041 3373 adeantur
1065 3336 1331 3373 dissertationes
1354 3338 1504 3373 Yxemi
1528 3340 1633 3383 (uber
1656 3339 1805 3374 Platons
1827 3339 2051 3384 Euthyphro.
2076 3338 2519 3385 Programmabhandlung
2541 3340 2604 3375 des
2628 3339 2715 3374 Hrn.
2741 3338 2836 3373 Prot.

379 3391 506 3427 Yxem
530 3404 587 3429 am
610 3392 1207 3438 Friedr.-Wilhelm-Gymnasium
1229 3393 1355 3428 Berlin
1384 3394 1490 3439 1842)
1519 3400 1555 3429 et
1576 3395 1860 3431 Muenscheri
1885 3395 2023 3440 (Inhalt
2051 3394 2125 3430 und
2154 3394 2398 3441 Erlaute'rung
2426 3395 2489 3431 des
2518 3395 2658 3433 Platon.
2690 3395 2841 3438 Dialogs

376 3446 621 3492 Euthyphron.
647 3450 1092 3495 Programmabhandlung
1116 3450 1178 3485 des
1202 3450 1290 3486 Hrn.
1316 3450 1393 3485 Dir.
1419 3450 1482 3484 Dr.
1509 3451 1618 3486 Wilh.
1643 3452 1876 3485 Munscher
1900 3460 1957 3484 am
1981 3451 2106 3497 Gymn.
2131 3462 2175 3486 zu
2204 3451 2369 3489 Hersfeld
2396 3452 2513 3497 1859.)
