3166 4113
299 481 698 546 pandis-n
731 482 912 530 deoru'm
928 482 1280 533 similitudinem
1323 486 1549 545 maenius
1586 501 1714 531 nemo
1737 493 1904 544 putea,
1943 501 2091 545 quam,
2132 501 2245 544 quac
2271 502 2409 545 pava
2435 488 2688 533 insederam
2713 489 2762 538 is,

300 555 456 599 natura
482 553 682 605 hnmana,
710 565 774 596 ca·
788 551 1057 612 exstirpavit,
1083 566 1224 599 mores
1252 549 1496 600 emendavit
1522 560 1566 599 et
1593 553 1786 599 divinam
1813 553 1933 599 illam
1961 553 2206 607 scintillam,
2242 568 2354 613 quas
2382 570 2439 600 cx
2467 556 2629 601 mundo
2656 571 2759 603 cns-

300 622 398 666 lsni
418 623 480 664 >iu
504 619 683 663 ‘aruimus
704 619 925 664 -lmmanos
949 620 1093 664 infusa
1120 627 1214 675 est,
1236 621 1293 665 ab
1321 621 1439 666 omni
1477 622 1607 679 hujus
1634 628 1774 667 terrae
1810 622 1998 667 colluvie
2034 620 2238 667 liberavit
2275 619 2406 682 atque
2444 623 2501 667 ad
2538 624 2760 682 propria-

302 686 499 734 naturam
529 684 830 744 virtutemque
857 688 1086 732 revocavit.
1146 688 1422 747 Quicunque,
1454 688 1501 731 in
1543 689 1627 733 hoc
1669 689 1831 733 studio
1853 690 1914 733 its
1956 699 2164 742 versatur,
2209 696 2258 733 ut
2295 703 2383 734 non
2412 690 2543 735 modo
2569 690 2760 736 maculas

300 750 530 802 nonnullas
559 752 716 806 eluere,
753 755 830 798 sed
869 754 1115 799 universam
1151 755 1419 799 divinitatem
1456 757 1627 814 assequi
1665 765 1856 807 conetur,
1891 759 1929 800 is
1968 758 2066 814 pius
2100 758 2383 815 appellandus
2411 768 2478 802 est
2514 758 2583 802 vel
2613 759 2759 818 potin

301 830 485 868 saum.
529 820 684 879 Neque
703 821 817 865 enim
844 822 928 865 hoc
952 822 1047 865 loco
1080 823 1506 880 praetermittendum
1529 832 1605 876 est,
1619 823 1842 869 Platonem
1865 826 1911 868 in
1937 826 2026 869 suis
2044 825 2181 877 libris,
2203 825 2278 868 ubi
2300 826 2356 868 de
2369 826 2526 883 pietate
2543 826 2758 884 loquatur,

301 888 512 936 vocabula
543 890 658 942 ὅωος,
697 890 860 943 ἀνόσιος,
897 890 1061 949 ὁσιότης,
1106 890 1311 951 ἀνοωότης
1339 891 1477 937 multo
1515 891 1684 950 saepius
1723 908 1931 950 usurpare
1966 907 2097 950 quam
2123 892 2314 954 ,εόαβὴς
2349 894 2515 953 ἀσεβής,
2550 893 2757 948 εὐσέβεια,

300 958 497 1013 adfinem
527 957 647 1000 velut
676 957 721 1000 in
750 972 802 1001 eo
831 958 1019 1016 dialogo,
1049 959 1125 1017 qui
1155 959 1416 1018 Eutbypbro
1452 957 1714 1011 inscribitur,
1750 973 1882 1018 quem
1911 974 1988 1004 nos
2017 968 2267 1012 tractamus,
2295 959 2517 1016 adjectivis
2549 961 2661 1007 ὅσιος
2685 960 2756 1004 vel

299 1025 456 1071 ἀνόσιος
478 1026 745 1082 nonagies
774 1033 878 1077 ter,
907 1026 1187 1068 substantivis
1214 1027 1372 1085 ὁσιότης
1396 1026 1465 1070 vel
1494 1026 1713 1085 ἀνιοωότης
1735 1026 1906 1084 septies,
1936 1026 2159 1084 adjectivis
2178 1040 2281 1071 vero
2305 1019 2482 1086 εὐσεβὴς
2505 1027 2572 1070 vel
2601 1026 2763 1086 ἀαβὴς

299 1093 619 1150 quinquies,
662 1093 941 1135 substantivis
978 1094 1170 1149 εὐσέβεια
1199 1094 1269 1136 vel
1298 1095 1472 1150 ἀσέβεια
1500 1102 1578 1145 ter,
1621 1094 1754 1137 verbo
1783 1095 1951 1150 ἀσεβεῖν
1994 1094 2124 1137 semel
2168 1108 2273 1137 usus
2315 1102 2390 1138 est.
2448 1093 2570 1149 Quid
2612 1102 2760 1140 autem

300 1158 416 1203 inter
445 1167 681 1216 utrumque
717 1159 975 1203 vocabulum
1015 1161 1193 1211 intersit,
1237 1161 1362 1203 facile
1404 1172 1590 1218 apparet.
1651 1162 1840 1220 Εὐσεβὴς
1865 1162 1980 1203 enim
2023 1162 2060 1203 is
2101 1171 2176 1211 est,
2221 1162 2298 1218 qui
2340 1162 2444 1203 deos
2487 1162 2759 1207 veneratione

297 1225 576 1285 prosequitur
612 1232 655 1271 et
683 1226 787 1284 quia
825 1235 1009 1280 veretur,
1038 1244 1093 1272 ne
1122 1244 1270 1272 eorum
1299 1237 1375 1273 aut
1403 1230 1609 1273 invidiam
1640 1238 1715 1274 aut
1743 1230 1852 1273 iram
1883 1230 1965 1272 sibi
1996 1230 2184 1284 colligat,
2212 1229 2334 1271 nulla
2363 1244 2410 1271 rs
2437 1230 2608 1277 omissa,
2644 1243 2758 1285 quac

297 1295 352 1336 ad
380 1294 564 1351 gratiam
594 1294 904 1339 conciliandam
935 1295 1085 1348 valeat,
1116 1295 1336 1340 sacrificiis
1365 1295 1595 1341 offerendis
1623 1305 1666 1342 et
1704 1295 1906 1354 precibus
1936 1294 2168 1340 fundendis
2209 1303 2253 1339 et
2279 1294 2375 1339 aliis
2402 1294 2643 1338 actionibus
2671 1294 2756 1352 piis

297 1362 544 1404 factitandis
589 1362 757 1405 debitos
799 1363 853 1406 iis
897 1364 1079 1407 honores
1122 1364 1287 1410 tribuit.
1344 1363 1481 1412 Ὅσιοι·
1516 1379 1619 1409 vero
1661 1377 1923 1422 quamquam
1967 1364 2117 1421 eodem
2161 1363 2288 1408 modo
2327 1363 2430 1407 deos
2458 1362 2573 1414 colit,
2612 1370 2757 1406 tannen

300 1431 386 1470 no'n
429 1428 475 1469 in
520 1428 627 1485 ipsis
669 1430 858 1472 externis
900 1430 1029 1474 rebus
1072 1430 1156 1488 piis
1199 1431 1451 1489 acquiescit,
1494 1431 1570 1475 sed
1613 1432 1659 1475 id
1688 1432 1799 1490 agit,
1843 1440 1893 1476 ut
1939 1432 2043 1477 deos
2100 1440 2244 1476 sancte
2299 1438 2343 1475 et
2400 1431 2472 1488 pie
2528 1438 2758 1475 veneretur

299 1506 518 1553 totamque
570 1497 705 1539 vitam
756 1506 870 1540 recte
923 1510 965 1540 et
1017 1499 1239 1542 sentiendo
1283 1508 1326 1543 et
1383 1500 1551 1556 agendo
1593 1500 1653 1542 ita
1704 1501 1857 1557 degat,
1897 1508 1947 1542 ut
2001 1499 2084 1542 diis
2132 1498 2350 1556 probetur.
2429 1498 2532 1541 Huc
2578 1496 2758 1549 accedit,

305 1570 357 1606 ut
415 1563 609 1619 εὐσέβεια
667 1564 806 1621 magis
863 1565 1005 1607 omnia
1062 1566 1231 1622 pietatis
1288 1581 1467 1624 genera,
1524 1581 1635 1623 quae
1691 1566 1875 1610 Romani
1934 1581 2108 1626 quoque
2163 1573 2377 1617 statuunt,
2433 1566 2479 1608 in
2536 1564 2654 1616 deos,
2709 1565 2756 1609 in

300 1638 517 1686 parentes,
561 1632 608 1674 in
654 1641 856 1689 cognatos
904 1647 954 1676 ac
990 1633 1269 1684 necessarios,
1305 1634 1351 1676 in
1395 1634 1576 1691 patriam
1624 1633 1951 1691 complectatur,
1996 1633 2152 1692 ὁσιότης
2190 1647 2293 1676 vero
2346 1646 2481 1690 prope
2523 1631 2579 1675 ad
2622 1646 2759 1677 unam

303 1699 520 1741 referatur
562 1714 656 1741 eam
698 1699 905 1741 rationem
951 1700 1397 1758 conjunctionemque,
1442 1714 1573 1757 quam
1616 1701 1810 1743 homines
1852 1701 2012 1744 habent
2051 1708 2094 1744 et
2132 1700 2290 1743 habere
2326 1699 2485 1743 debent
2522 1712 2620 1742 eum
2657 1698 2755 1745 diis.

303 1763 587 1822 Quapropter
617 1765 743 1810 facile
771 1765 1041 1823 intelligitur,
1070 1781 1149 1809 eur
1175 1768 1304 1810 Plato
1332 1768 1409 1809 illo
1437 1769 1705 1825 potissimum
1734 1769 1946 1812 vocabulo
1974 1777 2133 1820 utatur,
2162 1768 2326 1825 quippe
2353 1767 2469 1825 quod
2500 1766 2668 1824 plenius
2697 1768 2755 1811 sit

302 1840 345 1877 et
381 1832 558 1891 gravius
593 1840 636 1878 et
671 1833 964 1878 sublimiorem
1003 1850 1054 1878 ac
1097 1835 1315 1895 puriorem
1351 1835 1520 1892 pietatis
1566 1835 1753 1892 speciem
1802 1836 1986 1881 denotet.
2056 1835 2170 1879 Nam
2216 1851 2271 1878 ex
2305 1834 2500 1878 Platonis
2544 1835 2755 1879 sententia

303 1900 365 1956 pii
394 1908 494 1944 sunt
523 1901 570 1953 ii,
610 1902 686 1960 qui
715 1902 818 1946 deos
848 1909 992 1947 sancte
1020 1910 1280 1947 venerantur
1306 1902 1380 1954 ita,
1417 1910 1467 1947 ut
1495 1901 1552 1946 ad
1581 1902 1772 1953 divinam
1802 1918 1950 1947 eorum
1982 1911 2177 1947 naturam
2207 1902 2402 1960 proxime
2429 1895 2634 1946 accedere
2662 1911 2760 1945 stu-

302 1969 443 2014 deant.
501 1970 592 2024 Qui
621 1970 683 2013 ita
710 1971 772 2027 pii
801 1978 915 2022 sunt,
952 1985 1032 2014 nec
1060 1982 1206 2014 sancta
1233 1970 1376 2014 officia
1404 1971 1583 2024 violant,
1625 1971 1729 2030 quia
1756 1970 1914 2015 sanctis
1943 1972 2124 2015 deorum
2152 1969 2392 2027 praeceptis
2420 1968 2641 2021 obediunt,
2677 1985 2759 2014 nec

303 2038 348 2080 in
379 2036 563 2095 singulis
593 2037 853 2096 quibusdam
883 2038 1123 2082 actionibus
1153 2039 1236 2096 piis
1265 2039 1559 2097 aequiescunt,
1589 2039 1706 2098 quia,
1734 2037 1818 2082 nisi
1846 2038 1956 2097 quid
1985 2039 2060 2096 pia
2078 2046 2310 2094 sanctaque
2339 2045 2479 2081 mente
2498 2037 2658 2080 factum
2688 2037 2744 2081 sit

304 2105 388 2147 diis
418 2121 502 2148 non
532 2105 704 2161 placere
733 2106 1003 2162 exploratum
1032 2106 1214 2157 habent,
1251 2121 1330 2148 nec
1368 2106 1480 2149 lucri
1519 2107 1816 2164 cujuscunque
1852 2120 1981 2148 eausa
2018 2106 2121 2148 deos
2160 2104 2327 2157 colunt,
2362 2104 2467 2162 quia
2499 2112 2672 2161 gratum
2706 2118 2756 2149 ιο

304 2172 449 2229 potius
478 2187 558 2229 pro
586 2171 786 2229 plurimis
816 2172 1034 2216 beneficiis
1064 2174 1250 2230 acceptis
1278 2175 1470 2217 animum
1498 2174 1582 2216 diis
1601 2173 1758 2216 debere
1786 2187 1867 2215 nec
1894 2172 1951 2215 ad
1980 2173 2159 2215 deorum
2184 2172 2535 2215 similitudimem
2553 2171 2757 2217 accedere

304 2255 431 2296 posse
460 2239 544 2284 sibi
581 2239 899 2298 persuaserunt,
937 2242 1020 2285 nisi
1049 2242 1120 2299 pie
1149 2250 1192 2285 et
1219 2249 1363 2286 sancte
1391 2250 1434 2285 et
1463 2242 1662 2299 religiose
1690 2247 1820 2298 agant
1838 2249 1881 2284 et
1908 2241 1953 2283 in
1974 2241 2167 2284 homines
2197 2250 2240 2283 et
2268 2241 2313 2283 in
2342 2240 2458 2283 deos.
2502 2239 2625 2283 Haec
2653 2255 2757 2284 vcra

305 2307 440 2364 pietas
470 2307 798 2352 fundamentum
828 2316 905 2360 est,
934 2309 1005 2352 cui
1034 2317 1124 2352 tota
1152 2310 1241 2353 vita
1268 2303 1457 2354 humana
1475 2317 1517 2352 et
1544 2318 1657 2353 reeta
1680 2316 1723 2351 et
1741 2308 1867 2352 beata
1885 2308 2197 2365 superstruitur
2224 2308 2297 2358 ita,
2327 2316 2375 2349 ut
2402 2316 2445 2349 et
2473 2321 2529 2349 ex
2556 2308 2757 2363 cogitatis

305 2382 347 2418 et
376 2389 431 2419 ex
459 2376 587 2419 dietis
614 2382 658 2420 et
687 2390 741 2419 ex
771 2376 895 2419 factis
925 2375 1272 2433 exsplendescut.v
1318 2376 1390 2419 Ex
1420 2376 1503 2419 hoc
1536 2390 1625 2418 uno
1653 2377 1771 2419 fonte
1799 2391 1949 2418 omnes
1978 2375 2159 2418 virtutes
2188 2374 2530 2430 proficiscuntur,
2566 2374 2757 2430 primum

306 2456 414 2499 quas
445 2441 669 2498 pn'marias
698 2441 825 2486 Plato
854 2442 987 2499 ponit,
1020 2442 1202 2498 justitia,
1240 2443 1533 2501 temperantia,
1578 2443 1799 2500 sapientia,
1839 2437 2069 2493 fortitudo,
2109 2451 2202 2485 tum
2237 2457 2349 2498 quae
2378 2457 2432 2485 ex
2462 2440 2529 2484 his
2557 2440 2757 2485 oriuntur

303 2509 499 2568 singulae
522 2523 686 2567 eaeque
705 2509 891 2554 maxime
912 2510 1067 2556 variae.
1113 2508 1404 2565 Quantumvis
1423 2510 1537 2555 enim
1556 2510 1718 2555 multae
1737 2518 1780 2553 et
1798 2509 1941 2554 variae
1961 2524 2053 2554 esse
2072 2509 2236 2566 possint
2252 2509 2444 2560 virtutes,
2463 2518 2592 2565 prout
2611 2508 2754 2552 variae

301 2582 416 2622 vitae
446 2579 658 2621 humanas
688 2579 875 2620 rationes
903 2578 1144 2635 postulant,
1183 2588 1325 2621 tamen
1365 2592 1512 2622 omnes
1540 2593 1626 2622 non
1656 2578 1895 2628 diversam,
1931 2578 2005 2621 sed
2038 2591 2166 2620 unam
2196 2576 2460 2633 eandemque
2490 2575 2651 2620 habent
2677 2591 2757 2621 ua-

301 2656 444 2690 turam
471 2646 545 2696 ita,
574 2654 623 2687 ut
651 2661 739 2688 uno
767 2646 939 2688 virtutis
967 2647 1140 2688 nomine
1168 2659 1316 2689 omnes
1343 2646 1470 2689 liceat
1498 2646 1871 2705 comprehendere,
1899 2646 1955 2689 ef.
1984 2645 2158 2704 Protsg.
2189 2644 2274 2688 329
2289 2644 2340 2691 C.
2398 2643 2498 2689 Hae
2526 2644 2685 2702 pietate
2713 2651 2757 2690 et

301 2714 571 2772 singulorum
599 2714 841 2757 animorum
869 2715 985 2757 salus
1024 2721 1206 2770 augetur
1243 2721 1286 2757 et
1321 2729 1466 2757 rerum
1503 2715 1775 2771 publicarum
1803 2713 2077 2757 incolumitas
2105 2714 2346 2770 adjuvatur.
2411 2714 2461 2756 T«)
2488 2713 2599 2756 θεῖον
2623 2713 2757 2762 καλὸν.

302 2784 434 2840 σοφὸν,
473 2781 631 2838 ἀγαθὸν
666 2783 734 2825 καὶ
771 2785 849 2824 πᾶν
882 2783 911 2824 ὅ
936 2798 970 2824 τι
1000 2784 1180 2825 τοιοῦτον.
1240 2783 1439 2828 τούτοις
1470 2783 1531 2839 δὴ
1567 2783 1825 2838 τρέφεταί
1861 2799 1913 2824 τε
1949 2784 2034 2822 καὶ
2070 2781 2285 2828 αὔξεται
2330 2782 2558 2835 μάλιστά
2598 2796 2654 2834 γε
2700 2783 2755 2824 τὸ

302 2853 390 2909 τῆς·
412 2852 580 2910 ψυχῆς
598 2848 863 2907 πτέρωμα,
894 2848 1056 2908 αἰσχρῷ
1084 2848 1132 2892 δὲ
1159 2850 1227 2892 καὶ
1254 2852 1367 2906 κακῷ
1394 2851 1463 2892 καὶ
1490 2853 1571 2897 τοῖς
1594 2849 1782 2897 ἐναντίας
1803 2849 1936 2907 φθίνει
1966 2865 2010 2892 τε
2037 2850 2105 2891 καὶ
2133 2848 2336 2890 διόλλυται.
2386 2847 2569 2891 Phaedr.
2592 2862 2633 2903 p.
2655 2850 2755 2893 246.

301 2918 396 2962 Nee
424 2917 709 2975 improbanda
735 2925 836 2960 sunt
874 2917 965 2969 hic,
1002 2931 1120 2975 quae·
1142 2917 1403 2975 Eutbyphro
1439 2918 1494 2961 de
1523 2918 1679 2975 pietate
1707 2916 1925 2974 praedicat
1955 2920 2016 2974 (p.
2049 2917 2103 2959 14
2122 2915 2199 2969 B):
2229 2914 2334 2957 ταῦτ’
2365 2911 2449 2957 ἔστι
2477 2914 2529 2957 τὰ
2554 2914 2660 2965 ὅσια,
2688 2917 2758 2959 καὶ

298 2986 454 3035 σώζει
482 2986 540 3030 τὰ
568 2987 781 3028 τοιαῦτα
809 2985 925 3031 τούς
953 3000 1002 3027 τε
1031 2985 1195 3031 ἰδίους
1219 2984 1393 3032 οἴκους
1416 2988 1497 3028 καὶ
1536 2986 1592 3028 τὰ
1630 2985 1772 3028 κοινὰ
1808 2987 1903 3029 τῶν
1940 2984 2158 3033 πόλεων,
2196 2982 2244 3026 τὰ
2273 2981 2312 3025 δ’
2342 2980 2499 3024 ἐναντία
2533 2981 2688 3039 doessr‘),
2725 2982 2757 3027 ἃ

300 3054 353 3112 δὴ
380 3055 448 3097 καὶ
474 3052 692 3110 ἀνατρέπει
719 3053 877 3096 ἅπαντα
905 3054 973 3095 καὶ
999 3053 1216 3096 ἀπόλλυσιν.
1273 3052 1397 3095 Haec
1425 3054 1560 3110 pietas
1589 3054 1713 3110 quasi
1748 3053 1944 3096 ministra
1978 3053 2157 3095 deorum
2196 3059 2261 3093 est
2289 3050 2335 3093 in
2363 3049 2524 3092 mundo
2552 3050 2756 3106 regendo.

302 3122 425 3165 Huc
453 3121 513 3165 ita
541 3135 633 3164 esse
663 3121 791 3165 etiam
820 3120 1081 3179 Euthyphro
1109 3119 1409 3170 intellexisset,
1448 3120 1484 3163 si
1514 3135 1641 3164 verae
1670 3121 1838 3179 pietatis
1867 3120 1955 3162 vim
1985 3134 2036 3163 ac
2064 3127 2261 3163 naturam
2290 3117 2589 3175 perspexisset,
2623 3118 2692 3163 ef„
2711 3133 2753 3177 p.

305 3191 359 3233 ³3
387 3189 433 3233 D
463 3189 504 3233 E
530 3215 589 3223 —
620 3191 674 3232 14
702 3189 759 3236 A.
818 3189 931 3233 Nam
960 3189 1100 3233 tribus
1129 3188 1337 3246 exemplis
1373 3189 1662 3241 medicorum,
1697 3189 1916 3231 fabrorum
1946 3187 2186 3236 navalium,
2222 3185 2550 3229 architectorum
2589 3185 2650 3227 ita
2686 3185 2757 3228 in-

302 3263 490 3302 structus
519 3258 575 3301 ab
606 3257 782 3302 Socrate
813 3265 943 3314 atque
972 3265 1250 3314 praeparatus
1279 3263 1390 3306 erat,
1425 3264 1474 3299 ut
1512 3256 1651 3299 simile
1680 3255 1786 3313 quid
1814 3270 1842 3296 a
1869 3254 1954 3297 diis
1994 3254 2106 3297 effici
2137 3252 2385 3296 bominibus
2414 3253 2755 3296 ministrantibus

303 3325 561 3381 respondere
598 3332 740 3383 posset
776 3332 907 3382 atque
945 3340 971 3368 a
1009 3324 1207 3374 medicis,
1246 3323 1322 3381 qui
1361 3324 1648 3367 valetudinem
1685 3330 1908 3375 curarent,
1946 3330 1986 3364 et
2020 3336 2047 3364 a
2074 3320 2210 3363 fabris
2238 3320 2481 3370 navalibus,
2519 3320 2594 3377 qui
2627 3335 2757 3364 naves

302 3391 589 3447 aedificarent,
619 3402 661 3438 et
689 3392 744 3437 ab
774 3393 1030 3444 architectis,
1060 3393 1136 3451 qui
1156 3392 1352 3437 aedificia
1370 3398 1649 3443 exstruerent,
1678 3389 1768 3434 suis
1787 3404 1983 3449 quosque
2002 3388 2210 3432 ministris
2228 3386 2545 3444 adjuvantibus.
2591 3388 2757 3433 Eadem

304 3459 419 3504 enim
449 3460 614 3504 ratione
643 3462 703 3505 dii
735 3461 981 3504 hominibus
1010 3461 1216 3509 ministris
1246 3475 1356 3516 opus
1385 3460 1561 3516 aliquod
1590 3458 1860 3517 praeclarum
1889 3457 2064 3503 faciunt.
2125 3455 2272 3512 Quare
2286 3455 2496 3559 Socrates⁹
2512 3470 2566 3499 ex
2581 3455 2761 3512 Euthy-
