3166 4113
1602 281 1667 329 00

369 391 561 488 ‘parte
589 426 717 487 (Cep.
745 426 867 472 XVI
896 433 1003 472 extr.
1040 450 1099 459 —
1138 426 1246 484 cap.
1277 425 1424 478 XIX,
1461 441 1505 484 p.
1537 427 1592 469 14
1621 425 1661 469 B
1689 450 1747 458 —
1777 426 1847 468 15
1861 424 1931 479 Ο)-
1956 425 2101 469 denuo
2140 404 2406 483 pietatem
2443 425 2499 469 in
2539 440 2600 470 eo
2636 412 2878 486 positam

401 508 498 541 esse
525 496 699 546 definit,
734 504 794 540 ut
822 495 947 551 quis
986 493 1361 539 sacrificando
1390 500 1444 537 et
1480 493 1749 550 precando
1778 493 1918 537 diis
1928 501 2149 550 gratum
2184 492 2383 545 faciat,
2411 493 2776 551 impietatem,
2812 496 2876 541 'u't

401 564 692 622 ingratum
721 563 905 607 faciat.
965 561 1065 607 Hac
1094 560 1341 606 definitione
1371 560 1591 619 proposita
1618 559 1748 605 simul
1778 560 1902 606 docet
1930 560 2089 618 pietate
2117 560 2314 605 civitates
2347 567 2392 605 et
2428 560 2586 605 domos
2616 561 2885 619 conservari,v

402 632 626 690 impietate
653 631 903 675 labefactari
933 637 975 675 et
1005 630 1152 676 everti.
1224 628 1349 673 Haec
1376 638 1520 673 autem
1549 629 1776 673 addentem
1814 628 1931 686 quod
1960 629 2088 674 Plato
2117 628 2477 687 Euthyphronem
2515 629 2641 682 iacit,
2679 629 2874 678 dubitari

406 699 572 756 nequit,
601 698 709 755 quin
730 698 818 742 duo
837 697 1030 741 indicare
1059 696 1180 749 velit,
1209 695 1736 754 unum,Euthyphronem
1766 711 1936 755 semper
1963 697 2026 741 rei
2055 705 2252 742 naturam
2282 698 2434 757 fugere
2462 706 2505 742 et
2534 712 2585 743 ea
2613 697 2873 754 describere,
2918 711 2924 714 ·

404 779 518 824 quac
535 766 639 811 inde
668 765 872 822 consequi
892 778 1066 809 necesse
1086 764 1155 815 sit,
1185 764 1382 814 alterum,
1411 763 1636 821 vulgarem
1666 765 1777 808 hanc
1807 778 1899 809 esse
1929 765 1983 807 de
2012 765 2169 822 pietate
2198 764 2463 823 opinionem,
2501 764 2625 822 quasi
2655 777 2757 807 vero
2786 778 2873 808 non

404 834 490 877 hoc
516 836 705 893 primum
734 846 783 874 ac
812 846 1028 873 summum
1061 831 1116 873 sit
1146 830 1316 888 pietatis
1344 831 1643 888 propositum,
1681 840 1730 874 ut
1766 832 1842 873 illa
1878 832 1989 874 duce
2028 832 2191 891 singuli
2229 833 2423 875 homines
2452 833 2693 875 animorum
2723 846 2871 874 conse·

388 909 599 958 ›quantur
621 899 817 949 salutem,
846 898 921 940 sed
951 898 1075 948 illud,
1106 905 1155 939 ut
1184 897 1339 939 domus
1370 906 1412 939 et
1440 898 1635 939 civitates
1656 907 1976 949 conserventur,
2006 900 2123 953 quod
2144 914 2223 955 per
2243 914 2289 941 se
2309 914 2609 956 consequatur,
2638 900 2871 942 dummodo

404 983 507 1012 vera
544 966 681 1023 pietas
717 972 879 1020 regnet.
941 964 1219 1020 Quapropter
1249 964 1446 1007 Socrates
1486 963 1778 1019 maximopere
1806 979 1852 1007 se
1882 963 2028 1007 dolere
2058 964 2184 1015 dicit,
2223 966 2338 1020 quod
2374 966 2657 1023 Euthyphro,
2698 981 2749 1009 eo
2778 966 2871 1022 ipso

403 1040 610 1091 tempore,
640 1047 727 1089 quo
757 1031 874 1076 haud
902 1012 1056 1089 procul
1085 1030 1254 1082 afuerit,
1290 1029 1395 1086 quin
1426 1030 1563 1087 ipsam
1593 1030 1763 1107 pietatis
1792 1037 1991 1074 naturam
2017 1030 2262 1075 definiendo
2290 1040 2607 1089 assequeretur,
2637 1047 2788 1077 rursus
2817 1032 2871 1077 de

403 1109 523 1147 recta
550 1101 623 1146 via
651 1099 951 1151 declinaverit,
981 1105 1075 1142 tum
1104 1112 1207 1142 vero
1237 1098 1549 1150 demonstrans,
1580 1098 1617 1140 si
1647 1098 1783 1156 pietas
1803 1112 1854 1140 ea
1883 1105 2007 1150 esset,
2037 1112 2167 1155 quam
2196 1098 2429 1151 definisset,
2462 1112 2557 1143 eam
2586 1107 2722 1160 artem
2752 1100 2873 1143 futu-

404 1184 501 1213 ram
531 1183 623 1212 esse
653 1168 785 1211 dandi
814 1175 857 1210 et
885 1168 1104 1224 precandi,
1135 1180 1233 1209 eum
1263 1166 1497 1208 concedere
1527 1167 1654 1208 etiam
1684 1166 1767 1208 hoc
1798 1167 1933 1223 cogit,
1972 1175 2108 1208 artem
2147 1167 2337 1208 futuram
2369 1180 2461 1208 esse
2491 1168 2708 1223 quandam
2738 1182 2871 1225 nego-

408 1238 546 1281 tiandi
583 1246 713 1293 atque
753 1251 847 1277 eam
887 1236 1087 1291 quidem,
1127 1249 1195 1283 exv
1211 1249 1298 1289 qua
1338 1234 1531 1275 homines
1560 1242 1678 1275 tanto
1707 1235 1869 1289 majora
1897 1243 1939 1275 et
1968 1235 2095 1291 plura
2124 1234 2347 1275 commoda
2376 1236 2668 1291 perciperent,
2707 1243 2869 1291 quanto

408 1305 685 1364 pauperiores
715 1310 867 1346 essent.
927 1302 1112 1345 Nullum
1142 1302 1257 1344 enim
1286 1316 1377 1344 esse
1407 1302 1475 1344 his
1504 1302 1550 1344 in
1579 1302 1705 1345 terris
1737 1303 1920 1354 bonum,
1962 1302 2078 1359 quod
2109 1303 2302 1345 homines
2332 1318 2417 1345 non
2447 1304 2689 1361 acceperint
2718 1319 2741 1347 a
2774 1302 2869 1346 diis.

406 1372 561 1430 Itaque
589 1372 786 1415 futurum
816 1385 921 1421 esse,
962 1377 1010 1411 ut
1040 1369 1234 1412 homines
1264 1370 1536 1427 perciperent
1565 1370 1771 1413 utilitates
1801 1385 1969 1423 omnes,
2005 1370 2067 1413 dii
2096 1370 2248 1413 nullas.
2306 1370 2375 1413 Ne
2405 1378 2548 1414 tamen
2577 1371 2640 1413 dii
2669 1370 2870 1414 omnibus

404 1440 695 1483 destituantur
722 1437 972 1487 commodis,
1001 1436 1265 1492 Euthyphro
1294 1437 1514 1488 honorem,
1544 1438 1749 1493 praemia,
1778 1439 1961 1494 gratiam
1991 1447 2225 1489 enumerat,
2254 1454 2365 1494 quae
2396 1438 2451 1481 ab
2480 1438 2728 1481 hominibus
2757 1438 2869 1481 acci-

404 1506 538 1564 piant.
598 1505 729 1550 Unde
758 1505 828 1556 fit,
869 1511 918 1546 ut
947 1503 1069 1561 pium
1099 1517 1253 1546 rursus
1283 1503 1339 1545 sit
1368 1503 1435 1555 id,
1473 1519 1563 1560 quo
1603 1505 1700 1561 quis
1740 1504 1823 1547 diis
1853 1515 2025 1561 gratum
2054 1506 2196 1552 faciat.
2255 1506 2482 1550 Facillime
2511 1505 2645 1563 igitur
2674 1507 2871 1551 Socrates

404 1576 518 1619 hanc
546 1574 684 1632 ipsam
714 1587 806 1616 esse
834 1571 1129 1614 definitionem
1157 1571 1363 1622 ostendit,
1404 1585 1534 1628 quam
1557 1572 1650 1627 jam
1682 1572 1955 1623 refutaverim
1996 1587 2107 1629 quae
2147 1588 2246 1616 cum
2286 1574 2347 1616 ita
2376 1573 2483 1625 sint,
2522 1589 2606 1616 non
2638 1588 2754 1624 esse,
2793 1588 2873 1617 cur

404 1643 609 1694 miretur,
646 1641 684 1685 si
712 1640 849 1685 oratio
879 1654 965 1682 non
996 1653 1075 1682 suo
1104 1638 1200 1682 loco
1237 1654 1430 1691 manere,
1471 1640 1547 1683 sed
1588 1640 1751 1683 moveri
1790 1649 1919 1695 atque
1956 1641 2084 1684 etiam
2114 1641 2382 1685 circumferri
2421 1650 2463 1685 et
2498 1641 2542 1685 in
2582 1657 2741 1698 gyrum
2770 1641 2872 1685 duci

403 1711 614 1754 videatur.
672 1708 867 1751 Maxime
896 1715 1039 1750 autem
1069 1707 1150 1749 hac
1178 1707 1223 1748 in
1253 1715 1373 1764 parte
1404 1722 1499 1750 eam
1529 1708 1699 1764 pietatis
1729 1708 2022 1751 definitionem
2052 1708 2236 1759 irrideri,
2267 1723 2320 1751 ex
2351 1722 2439 1765 qua
2467 1724 2536 1751 ars
2566 1710 2622 1751 sit
2657 1709 2872 1766 quaedam

405 1785 671 1823 mercaturae
699 1776 920 1821 faciendae
948 1776 1061 1818 inter
1090 1775 1283 1819 homines
1313 1782 1355 1819 et
1385 1775 1488 1819 deos
1517 1775 1725 1828 instituta,
1755 1776 1853 1833 quis
1882 1791 1968 1820 non
1998 1776 2144 1820 videt?
2203 1776 2348 1831 Quam
2382 1776 2558 1820 humilis
2588 1777 2695 1821 haec
2724 1785 2786 1820 est
2816 1777 2873 1821 de

406 1846 565 1905 pietate
594 1845 754 1904 opinio,
783 1858 914 1901 quam
943 1842 1181 1894 illiberalis,
1211 1856 1341 1899 quam
1373 1842 1564 1900 plebejal
1584 1868 1637 1875 —
1654 1843 1807 1887 Totius
1836 1844 2138 1901 disputationis
2167 1844 2297 1887 finem
2328 1844 2430 1888 facit
2460 1844 2722 1902 epilogus
2743 1843 2868 1901 (Cap.

407 1914 523 1965 XX,
551 1928 594 1971 p.
626 1915 679 1957 15
711 1912 756 1955 D
785 1936 843 1944 —
876 1913 929 1954 16
959 1912 1023 1963 A)
1053 1919 1257 1954 consueto
1287 1926 1405 1954 more
1435 1911 1622 1963 additus,
1651 1911 1696 1953 in
1727 1926 1814 1968 quo
1837 1912 2034 1956 Socrates
2064 1912 2253 1969 primum
2270 1911 2629 1968 Euthyphronem
2661 1912 2870 1965 hortatur,

403 1989 453 2026 ut
482 1982 537 2025 ad
568 1981 771 2039 pietatem
800 1978 1090 2023 definiendam
1128 1993 1278 2021 rursus
1316 1978 1448 2022 animi
1489 1978 1805 2022 contentionem
1843 1979 2045 2023 adhibeat
2082 1981 2124 2022 e't
2160 1978 2334 2022 tandem
2374 1978 2607 2038 aliquando
2648 1979 2872 2023 veritatem

402 2050 606 2109 proferat.
662 2048 775 2092 Nam
805 2046 997 2090 dubitari
1026 2060 1114 2089 non
1144 2045 1313 2098 debere,
1345 2047 1451 2104 quin
1482 2046 1616 2103 possit
1624 2062 1636 2098 ;
1668 2047 1824 2089 etenim
1855 2048 1892 2090 si
1922 2062 2009 2091 non
2040 2055 2194 2105 posset,
2224 2062 2309 2089 non
2343 2055 2507 2105 patrem
2536 2047 2670 2091 fuisse
2699 2061 2873 2090 accusa-

404 2126 564 2161 turum.
625 2117 728 2171 Qua
755 2116 802 2158 in
831 2129 958 2158 causa
988 2113 1229 2172 perieulum
1259 2128 1371 2165 esse,
1414 2130 1467 2157 ne
1491 2115 1597 2170 jura
1635 2122 1677 2157 et
1716 2114 1863 2157 divina
1902 2124 1943 2158 et
1973 2116 2160 2158 humana
2195 2114 2422 2157 violentur.
2485 2114 2637 2170 Quum
2666 2130 2771 2159 vero
2797 2114 2873 2157 ille

403 2186 515 2229 hanc
543 2200 635 2229 rem
663 2185 709 2227 in
738 2184 857 2226 aliud
887 2190 1057 2239 tempus
1086 2182 1275 2237 rejiciat,
1314 2194 1541 2239 propterea
1569 2182 1687 2239 quod
1716 2196 1831 2225 nunc
1869 2189 2040 2241 tempus
2071 2190 2221 2239 urgeat
2250 2182 2455 2234 abeundi,
2485 2198 2643 2241 magna
2672 2184 2872 2227 Socrates

406 2254 637 2311 respondet
665 2267 710 2295 se
740 2266 815 2309 spe
844 2264 937 2294 esse
966 2250 1181 2305 dejectum
1209 2250 1388 2307 duplici,
1419 2264 1518 2301 una,
1557 2250 1675 2307 quod
1706 2252 1942 2307 speraverit
1971 2252 2168 2294 futurum
2198 2264 2302 2302 esse,
2343 2258 2392 2293 ut
2420 2251 2572 2294 Meleti
2602 2251 2873 2294 accusatione

406 2321 687 2370 liberaretur,
725 2320 762 2361 si
801 2319 1093 2361 demonstrare
1133 2319 1341 2373 potuerit,
1382 2333 1427 2360 se
1456 2318 1785 2374 Euthyphronis
1824 2319 2087 2377 discipulum
2126 2319 2287 2361 factum
2325 2319 2454 2374 hujus
2491 2319 2689 2375 peritiam
2726 2333 2873 2362 rerum

402 2389 649 2432 divinarum
679 2387 915 2437 imbibisse,
946 2386 1093 2436 altera,
1123 2385 1241 2442 quod
1271 2400 1391 2442 spem
1420 2385 1619 2428 habuerit
1648 2401 1693 2428 se
1723 2395 1853 2430 totam
1881 2388 2092 2445 reliquam
2113 2386 2246 2429 vitam
2265 2386 2418 2429 melius
2438 2387 2683 2438 victurum3
2712 2386 2872 2443 quibus

401 2456 547 2501 verbis
586 2455 749 2499 ultimis
787 2453 894 2497 mihi
934 2453 1110 2511 quidem
1148 2454 1230 2496 hoc
1259 2454 1401 2497 dicere
1432 2454 1627 2506 videtur,
1668 2469 1770 2498 vera
1798 2456 1967 2512 pietatis
1997 2454 2240 2512 cognitione
2277 2454 2471 2498 homines
2508 2455 2637 2498 etiam
2666 2455 2721 2497 ad
2751 2464 2865 2498 recte

401 2523 578 2568 vivendi
607 2522 818 2566 rationem
847 2520 960 2563 duci.

612 2590 884 2646 Argumento
913 2587 1109 2643 exposito
1139 2587 1264 2629 facile
1294 2588 1375 2631 erit
1395 2588 1703 2642 demonstrare,
1734 2604 1842 2648 quas
1861 2589 1991 2632 falsas
2011 2589 2065 2631 de
2086 2588 2242 2646 pietate
2262 2589 2487 2647 opiniones
2504 2589 2630 2632 Plato
2646 2590 2864 2634 Socratem

404 2657 665 2701 refutantem
696 2655 855 2699 fecerit.
917 2654 965 2697 Si
995 2662 1139 2696 autem
1168 2655 1311 2697 omnia
1340 2656 1483 2698 animo
1513 2658 1795 2714 complector,
1837 2671 1947 2715 quae
1978 2657 2060 2700 hoc
2090 2656 2260 2714 dialogo
2289 2664 2529 2700 tractantur
2556 2657 2626 2701 vel
2656 2665 2770 2701 certe
2790 2658 2865 2701 ‚in-

403 2724 621 2775 dicantur‚
650 2731 835 2781 quatuor
863 2722 991 2764 video
1019 2736 1180 2779 genera
1208 2722 1378 2778 pietatis
1409 2723 1553 2776 falsae,
1584 2726 1786 2782 primum,
1816 2725 1934 2783 quod
1963 2725 2009 2767 in
2041 2724 2197 2767 sanctis
2225 2724 2382 2767 officiis
2415 2726 2628 2770 violandis
2658 2734 2865 2777 versetur,

400 2792 601 2843 alterum,
631 2791 747 2848 quod
776 2791 820 2833 in
852 2789 1035 2846 singulis
1065 2789 1326 2846 quibusdam
1356 2792 1598 2835 actionibus
1628 2793 1845 2851 rebusque
1884 2792 2072 2836 externis
2102 2802 2325 2843 cernatur,
2365 2793 2562 2844 tertium,
2599 2795 2717 2851 quod
2746 2793 2865 2835 utili-

400 2860 500 2902 tatis
531 2858 831 2915 percipiendae
861 2872 990 2901 causa
1018 2857 1197 2908 colatur,
1228 2866 1443 2915 quartum,
1474 2861 1591 2917 quod
1622 2862 1797 2904 omnino
1826 2861 1946 2904 falsis
1976 2861 2030 2903 de
2060 2860 2144 2903 diis
2174 2860 2495 2916 opinationibus
2525 2862 2697 2905 nitatur.

610 2926 679 2970 Ac
707 2926 847 2983 primo
876 2926 1052 2982 quidem
1082 2941 1175 2969 eam
1205 2927 1400 2984 explodit
1429 2929 1642 2985 pietatem,
1681 2945 1817 2985 quae
1846 2944 1910 2972 ne
1939 2944 1965 2971 a
2004 2928 2208 2971 sanctis
2246 2928 2472 2983 quidem
2508 2930 2721 2973 officiis
2750 2929 2865 2973 vio-

399 2994 594 3039 landis
624 2993 912 3038 abstineat.
962 2993 1075 3037 Nam
1104 2994 1149 3037 in
1178 2995 1322 3038 verbis
1343 2995 1501 3052 leporis
1522 2997 1794 3053 plenissimis,
1816 2997 1975 3053 quibus
1997 2997 2192 3042 Socrates
2212 2998 2362 3049 utitur,
2392 3014 2503 3054 quae
2532 3014 2619 3043 non
2638 2999 2866 3044 videantur

398 3062 483 3106 nisi
523 3062 707 3106 illudere
736 3070 864 3119 atque
901 3062 1095 3114 irridere,
1133 3071 1272 3106 tamen
1316 3078 1466 3107 sensus
1502 3065 1613 3108 inest
1642 3066 1922 3122 gravissimus
1951 3080 2001 3109 ac
2031 3066 2342 3110 severissimus.
2401 3067 2615 3123 Exempla
2651 3067 2743 3123 ejus
2772 3068 2865 3126 pie-

398 3130 499 3173 tatis
529 3129 600 3174 vel
630 3131 774 3187 potius
804 3131 1035 3188 impietatis
1080 3131 1222 3188 ipsum
1263 3133 1464 3189 proponit
1493 3132 1853 3191 Euthyphronem
1892 3141 1933 3177 et
1972 3134 2197 3180 Meletum.
2266 3133 2540 3190 Euthyphro,
2577 3143 2695 3179 vates
2725 3136 2864 3180 Athe-

398 3198 573 3250 niensis,
612 3199 687 3254 qui
718 3213 861 3241 rerum
892 3199 1137 3241 divinarum
1167 3200 1451 3256 peritissimus
1482 3200 1565 3243 sibi
1594 3201 1835 3253 videbatur,
1874 3208 2052 3258 patrem,
2092 3215 2221 3256 quem
2251 3200 2369 3241 omni
2395 3200 2566 3257 pietate,
2607 3203 2722 3245 omni
2754 3205 2864 3247 cari-

397 3271 484 3307 tate
515 3264 656 3307 colere
686 3280 737 3307 ac
767 3265 947 3342 diligere
977 3264 1173 3316 debebat,
1202 3266 1247 3307 in
1271 3267 1345 3322 jus
1375 3275 1513 3319 vocat,
1542 3275 1590 3309 ut
1620 3268 1764 3310 caedis
1794 3268 2117 3319 condemnetur,
2148 3266 2266 3323 quod
2295 3268 2605 3311 mercenarium
2636 3271 2864 3327 quendam,

401 3332 475 3384 qui
504 3347 641 3374 unum
669 3347 724 3374 ex
753 3333 889 3375 servis
928 3332 1158 3382 occiderat,
1192 3334 1383 3375 vinctum
1420 3335 1532 3376 fame
1576 3344 1618 3376 et
1646 3336 1808 3391 frigore
1844 3336 1987 3393 perire
2026 3349 2179 3391 passus
2216 3334 2283 3384 sit,
2320 3336 2570 3393 priusquam
2601 3339 2779 3380 nuntius
2808 3339 2864 3380 ad

402 3408 617 3443 tactorum
647 3400 925 3457 interpretem
950 3400 1107 3443 missus
1126 3400 1344 3450 rediissem
1374 3402 1491 3455 quod
1513 3417 1647 3457 quum
1676 3403 1792 3453 facit,
1822 3418 1907 3445 non
1928 3402 2135 3459 intelligit
2155 3418 2200 3446 se
2230 3404 2500 3448 sanctissima
2518 3406 2661 3449 officia
2690 3406 2864 3455 violare,

399 3478 513 3520 quae
542 3481 566 3508 a
593 3467 693 3511 filiis
722 3467 977 3525 praestanda
1006 3467 1092 3511 sint
1122 3466 1386 3525 parentibus.
1441 3466 1751 3520 Homicidium,
1780 3468 1939 3525 inquit,
1969 3477 2092 3526 pater
2119 3470 2343 3517 commisit.
2402 3471 2504 3516 Jam
2540 3488 2645 3517 vero
2674 3472 2750 3528 qui
2778 3484 2865 3514 una
