3166 4113
1029 848 1161 937 De
1217 848 1578 963 pietatis
1635 850 2014 957 notione,

795 1005 1001 1074 quam
1057 982 1248 1057 Plato
1306 982 1382 1056 in
1436 983 1929 1076 Euthyphrone
1988 988 2257 1060 tractat.

506 1194 715 1238 Pietatem
745 1194 800 1238 ab
830 1196 1018 1253 antiquis
1048 1196 1295 1241 hominibus
1325 1197 1518 1241 omnium
1547 1198 1756 1242 virtutum
1785 1213 1995 1242 summam
2019 1211 2069 1240 ac
2088 1196 2387 1253 gravissimam
2406 1195 2639 1251 judicatam
2659 1209 2753 1242 0⁸⁸0

301 1263 460 1321 scripta
487 1277 637 1306 eorum
666 1262 838 1306 abunde
867 1270 1088 1309 testantur.
1147 1264 1247 1307 Non
1276 1265 1417 1307 solum
1453 1272 1625 1321 poetae,
1661 1272 1709 1308 ut
1739 1266 1815 1322 qui
1845 1272 1998 1307 natura
2026 1265 2087 1307 ita
2114 1264 2347 1321 comparati
2376 1263 2486 1315 sint,
2525 1270 2575 1304 ut
2603 1262 2753 1306 divino

301 1330 406 1373 flatu
434 1330 668 1381 ducantur,
705 1330 780 1372 sed
817 1330 947 1372 etiam
985 1331 1116 1373 ceteri
1154 1331 1402 1387 scriptores,
1441 1332 1638 1389 inprimis
1667 1333 1937 1390 philosophi,
1980 1347 2117 1388 quum
2155 1331 2329 1374 omnino
2370 1337 2555 1373 sensum‘
2581 1330 2752 1387 pietatis

303 1396 555 1447 ostendunt,
592 1403 685 1438 tum
714 1397 840 1439 certis
870 1396 1128 1453 quibusdam
1159 1398 1378 1441 sententiis
1408 1399 1595 1456 ingenue
1623 1399 1812 1441 fatentur
1850 1399 1931 1441 hoc
1960 1398 2043 1440 sibi
2073 1412 2326 1456 persuasum
2356 1411 2447 1439 esse
2476 1395 2585 1439 nihil
2615 1396 2754 1453 majus

303 1478 395 1506 esse
423 1463 468 1505 in
498 1462 587 1505 vita
616 1462 852 1514 bominum,
883 1464 992 1506 nihil
1019 1464 1210 1519 gravius,
1238 1465 1347 1508 nihil
1377 1465 1719 1523 magnificentius
1749 1466 1920 1523 pietate.
1980 1465 2051 1508 Ex
2080 1465 2240 1521 quibus
2270 1464 2489 1508 sententiis
2518 1478 2677 1520 paucas
2706 1463 2753 1507 in

303 1545 451 1573 eorum
481 1530 728 1573 memoriam
757 1546 957 1574 revocare
985 1531 1134 1583 liceat,
1172 1533 1249 1590 qui
1281 1550 1314 1577 ·a
1351 1533 1497 1592 pueris
1526 1532 1793 1590 antiquitatis
1823 1531 1977 1576 studiis
2007 1530 2205 1576 delectati
2245 1538 2344 1576 sunt
2383 1529 2758 1588 necprimoribus

302 1604 467 1641 tantum
506 1597 639 1642 labris
677 1605 871 1642 veterum
909 1597 1042 1643 libros
1081 1599 1393 1658 degustarunt,
1425 1601 1501 1645 sed
1539 1601 1601 1645 ita
1638 1607 1974 1659 pertractarunt,
2017 1607 2066 1644 ut
2104 1600 2294 1658 legentes
2332 1607 2462 1657 atque
2498 1599 2760 1643 admirantes

302 1666 573 1713 incaluerint.
617 1665 763 1722 Quam
783 1667 1000 1725 praeclare
1016 1667 1252 1727 Sophocles
1267 1669 1501 1714 Herculem
1522 1671 1565 1713 in
1584 1670 1822 1714 Philoctete
1841 1670 1946 1713 haec
1965 1669 2212 1727 loquentem
2230 1670 2334 1713 facit
2354 1673 2413 1722 (v.
2433 1669 2759 1724 1141—1144)=

1258 1762 1315 1769 -
1343 1762 1400 1770 —
1429 1738 1614 1795 εὐσεβεῖν
1643 1739 1691 1781 τὰ
1720 1740 1823 1796 πρὸς
1847 1738 1975 1784 θεούς.

983 1806 1041 1851 ὡς
1066 1805 1170 1847 τᾶλλ’
1198 1807 1355 1849 ἅπαντα
1385 1807 1587 1863 δεύτερ’
1618 1809 1771 1864 ἡγεῖται
1799 1809 1933 1864 πατὴρ

984 1872 1097 1918 Ζεύς.
1153 1874 1314 1930 οό-γὰρ
1340 1874 1535 1930 ἡόσέβεια
1563 1875 1796 1932 συνθνῆσιει
1822 1875 1997 1931 βροτοῖς.

985 1939 1060 1982 κᾶν
1088 1940 1185 1989 ζῶσι
1214 1940 1289 1983 κᾶν
1317 1940 1504 1992 ϋάνωστν,
1534 1942 1605 1985 οὐκ
1632 1942 1854 1985 amarae.

510 2006 603 2051 Nec
632 2007 775 2050 minus
804 2016 954 2050 notum
983 2014 1047 2050 est
1075 2007 1183 2050 illud
1215 2007 1405 2051 Socratis
1435 2007 1657 2065 (Xenoph.
1689 2008 1823 2054 Mem.
1853 2007 1936 2061 lv,
1964 2010 2006 2060 4,
2039 2008 2135 2060 19›:
2203 2026 2207 2029 ·

828 2073 956 2131 Παρὰ
983 2077 1101 2117 πᾶσιν
1129 2074 1362 2132 ἀνθρώποις
1384 2078 1584 2132 πρῶτον
1612 2075 1810 2132 νομίζεται
1839 2075 1933 2122 τοὺς
1956 2075 2078 2122 θεοὺς·
2101 2075 2249 2131 σέβειν.

508 2141 653 2196 Quem
681 2141 808 2185 Plato
844 2149 1018 2185 secutus
1057 2142 1117 2185 ita
1154 2142 1260 2185 dicit
1288 2142 1534 2200 (Epinomis
1563 2158 1605 2200 p.
1636 2143 1763 2196 989„
1807 2142 1993 2192 Μεῖζον
2024 2143 2102 2200 μὲν
2140 2143 2224 2200 γὰρ
2260 2142 2413 2200 ἀρετῆς
2441 2142 2627 2200 μηδεὶς
2647 2142 2757 2199 ἡμᾶς

304 2225 396 2253 ποτε
425 2208 545 2268 πείθῃ
573 2212 642 2267 τῆς
664 2208 881 2264 εὐσεβείας
903 2208 1003 2251 εἶναι
1033 2213 1090 2267 τῷ
1117 2210 1251 2268 θνητῷ
1279 2210 1396 2266 γένει.

508 2276 595 2320 Sed
625 2291 887 2333 quamquam
917 2277 1147 2334 scriptores
1176 2278 1343 2334 antiqui
1372 2279 1416 2320 in
1448 2278 1530 2320 hoc
1557 2292 1645 2319 uno
1673 2277 1944 2320 consentiunt
1974 2278 2174 2333 pietatem
2195 2276 2395 2320 omnibus
2414 2276 2595 2332 reliquis
2616 2277 2757 2319 virtu-

303 2344 419 2387 tibus
449 2358 540 2386 esse
569 2344 913 2401 praeponendam
944 2352 986 2387 et
1014 2344 1246 2402 praecipua
1275 2345 1527 2389 auctoritate
1565 2344 1869 2395 exornandam,
1906 2353 2050 2386 tamen
2079 2359 2337 2401 magnopere
2376 2344 2488 2386 inter
2517 2358 2563 2386 se
2591 2343 2762 2386 dissen-

303 2412 415 2455 tiunt
444 2426 495 2454 ac
523 2411 778 2469 disceptant,
807 2427 1017 2468 quaenam
1048 2412 1103 2455 sit
1131 2412 1302 2469 pietatis
1333 2413 1399 2456 vis
1427 2427 1479 2456 ac
1503 2419 1669 2463 natura,
1698 2411 1858 2467 quibus
1887 2411 1932 2453 in
1961 2410 2091 2454 rebus
2121 2418 2334 2463 cernatur,
2361 2425 2449 2468 qua
2476 2418 2519 2453 et
2547 2409 2760 2453 sentiendi

302 2490 345 2523 et
374 2479 531 2538 agendi
562 2479 726 2525 ratione
755 2479 812 2522 sit
840 2479 1033 2537 insignis.
1093 2479 1267 2535 Quibus
1296 2480 1351 2524 de
1381 2480 1510 2524 rebus
1542 2494 1673 2536 quam
1702 2478 1819 2522 varie
1848 2479 1905 2521 sit
1940 2478 2206 2536 disputatum
2243 2478 2371 2522 etiam
2399 2477 2516 2536 apud
2544 2478 2759 2536 antiquos,

302 2547 516 2591 neminem
545 2548 696 2605 fugere
725 2554 880 2605 potest,
908 2548 985 2605 qui
1013 2548 1258 2606 paullulum
1286 2549 1332 2591 in
1362 2549 1429 2591 his
1458 2548 1614 2591 studiis
1643 2547 1699 2590 sit
1729 2554 1934 2589 versatus.
1995 2546 2086 2605 Nec
2115 2546 2284 2597 mirum,
2314 2546 2518 2602 quoniam
2546 2545 2616 2588 vel
2645 2544 2760 2588 inter

222 2665 230 2675 κ
302 2630 390 2668 eos,
418 2615 508 2673 qui,
537 2630 673 2672 quum
702 2615 960 2659 christianae
990 2616 1188 2674 religioni
1218 2617 1304 2659 sint
1322 2616 1497 2668 addicti,
1516 2616 1681 2659 lumina
1708 2614 1856 2657 divina
1884 2614 1967 2657 sibi
1987 2613 2177 2657 immissa
2208 2612 2364 2656 habere
2393 2613 2571 2671 possint,
2600 2613 2758 2657 iisdem

302 2682 357 2726 d'e
386 2682 517 2727 rebus
546 2682 733 2726 maxima
761 2693 826 2726 est
855 2683 1067 2728 dissensio
1096 2699 1146 2728 ac
1175 2685 1440 2744 disceptatio.
1490 2685 1560 2728 Ex
1580 2683 1779 2727 omnibus
1807 2690 1950 2726 tamen
1979 2682 2064 2725 illis
2094 2681 2241 2725 multis
2271 2697 2323 2725 ac
2352 2681 2484 2725 variis
2515 2681 2570 2725 de
2599 2681 2759 2740 pietate

302 2751 522 2794 sententiis
551 2750 663 2795 duae
693 2751 922 2809 praecipue
951 2753 1067 2809 apud
1098 2753 1297 2809 antiquos
1331 2752 1559 2795 maximam
1581 2752 1685 2794 mihi
1705 2752 1792 2794 vim
1814 2751 1971 2794 habere
1991 2750 2207 2802 videntur,
2237 2766 2324 2794 una
2342 2765 2505 2802 eorum,
2535 2751 2612 2808 qui
2641 2751 2761 2795 illam

303 2817 507 2862 virtutem
535 2818 793 2863 arctioribus
822 2818 1179 2863 circumscribunt
1215 2819 1417 2863 cancellis
1456 2826 1499 2862 et
1537 2819 1583 2861 in
1620 2818 1749 2862 rebus
1778 2818 1990 2862 collocant
2018 2819 2207 2862 externis
2237 2819 2528 2861 existimantes
2558 2819 2759 2875 pietatem

302 2886 349 2929 in
378 2884 598 2928 sacrificiis
628 2901 679 2929 ac
707 2887 833 2930 donis
863 2887 1115 2939 offerendis,
1154 2887 1199 2929 in
1238 2887 1438 2945 precibus
1478 2886 1731 2939 fundendis,
1767 2888 1813 2929 in
1851 2887 2007 2931 ritibus
2038 2895 2081 2930 et
2110 2887 2377 2930 caerimoniis
2406 2885 2674 2936 factitandis,
2708 2886 2756 2927 in

303 2953 482 3011 reliquis
510 2952 640 2996 rebus
670 2956 858 2998 externis
888 2971 980 2999 esse
1009 2955 1214 3013 positam,
1252 2955 1385 2998 altera
1413 2970 1583 3006 eorum,
1622 2955 1699 3011 qui
1729 2955 1858 2998 altius
1887 2955 2100 3012 sapientes
2140 2965 2182 2996 et
2209 2954 2264 2995 ad
2293 2952 2510 3010 puriorem
2539 2951 2762 3008 quandam

303 3036 355 3064 ac
383 3019 679 3064 sublimiorem
719 3021 919 3077 pietatem
961 3023 1197 3080 aspirantes
1220 3023 1418 3079 judicant
1455 3037 1548 3065 eam
1586 3022 1641 3064 ad
1680 3029 1866 3065 mentem
1905 3030 2034 3078 atque
2063 3022 2250 3063 animum
2281 3019 2550 3061 referendam
2579 3034 2674 3062 esse
2703 3028 2764 3069 et.

304 3103 441 3142 quum
469 3087 638 3130 animus
669 3088 883 3130 humanus
912 3090 1151 3132 arctissimo
1180 3104 1279 3132 cum
1308 3089 1391 3132 diis
1421 3090 1595 3133 vinculo
1624 3089 1679 3132 sit
1708 3089 1963 3145 conjunctus
1983 3096 2025 3130 et
2053 3087 2175 3143 quasi
2205 3094 2426 3142 cognatus,
2461 3087 2523 3128 ita
2552 3088 2759 3139 exerceri,

303 3161 353 3196 ut
384 3154 579 3198 homines
609 3161 652 3197 et
680 3154 908 3212 cogitando
937 3162 980 3197 et
1008 3155 1176 3212 agendo
1205 3156 1308 3199 deos
1338 3156 1480 3200 colant
1508 3165 1650 3214 atque,
1680 3166 1887 3213 quantum
1917 3153 2092 3212 possint,
2122 3153 2358 3199 imitentur.

510 3222 636 3277 Quae
666 3239 801 3280 quum
832 3222 893 3266 ita
921 3222 1019 3275 sint,
1050 3223 1124 3265 vix
1153 3223 1246 3267 fieri
1277 3224 1431 3281 potuit,
1461 3224 1566 3281 quin
1585 3223 1721 3273 Plato,
1750 3222 1839 3278 qui,
1867 3236 1894 3263 a
1922 3220 2261 3277 praeclarissimo
2294 3229 2568 3279 praeceptore
2583 3220 2758 3265 Socrate

307 3287 367 3331 ita
396 3286 631 3342 institutus,
661 3298 709 3334 ut
739 3306 818 3335 nec
848 3289 1100 3349 vulgaribus
1131 3290 1407 3349 opinionibus
1445 3290 1754 3334 inhaeresceret
1774 3304 1851 3332 nec
1871 3303 2025 3332 vanam
2054 3304 2201 3333 rerum
2230 3289 2417 3348 speciem
2445 3296 2519 3332 aut
2548 3288 2758 3334 virtutum

305 3353 576 3413 splendorem
608 3367 850 3414 appeteret,
888 3360 963 3402 sed
1003 3367 1197 3402 naturam
1237 3375 1382 3402 rerum
1412 3358 1654 3415 exploraret
1690 3365 1732 3399 et
1760 3356 1815 3399 ad
1845 3357 2068 3400 veritatem
2099 3359 2310 3401 virtutum
2339 3358 2588 3406 eniteretur,
2625 3362 2760 3400 totam

305 3422 438 3465 vitam
470 3422 514 3464 in
544 3423 793 3468 notionibus
814 3427 1107 3471 examinandis
1127 3427 1402 3484 consumpsit,
1434 3433 1603 3483 praeter
1631 3425 1881 3484 δικαιοσύνης
1905 3433 1947 3469 et
1977 3426 2120 3483 σοφίας
2144 3435 2186 3470 et
2215 3425 2472 3482 σωφροσύνης
2496 3432 2539 3465 et
2566 3423 2765 3482 ἀνδρείας

306 3490 499 3533 notiones
538 3490 665 3533 etiam
706 3493 919 3549 copiosius
957 3496 1215 3553 disquireret
1242 3495 1440 3552 ὁσιότητος
1465 3494 1556 3536 sive
1585 3494 1810 3550 εὐσεβείας.
1868 3494 2014 3549 Quam
2052 3495 2267 3537 notionem
2304 3507 2438 3548 quum
2476 3491 2624 3535 multis
2661 3492 2758 3535 aliis

2510 3563 2534 3598 8
