3166 4113
1470 331 1549 379 59

192 504 197 511 .
245 479 250 484 ’
293 482 344 524 :et
369 475 604 546 nuptm
628 474 690 520 ita
708 473 882 527 definit,
909 484 958 519 ιιι
985 475 1250 534 pietatem
1269 474 1324 518 ἰ-ιι
1352 473 1424 518 iis
1452 475 1604 520 cerni
1631 446 1772 532 dieat,
1786 474 1932 532 quae
1960 472 2074 515 diis
2103 471 2384 531 placeant,
2413 471 2761 530 impietatem

296 546 354 602 in
381 546 492 605 iia,
492 540 645 602 ,qnae
670 540 785 590 diis
810 541 1181 601 displiceant,
1203 542 1335 600 pium
1357 547 1464 614 'ergo
1493 542 1723 597 hominem
1739 555 1836 586 ssss
1854 554 1975 592 sum,
2003 539 2230 598 quicarus
2257 538 2314 584 sit
2340 539 2426 584 diis
2454 554 2507 585 ac
2532 536 2761 598 poliatur,

290 613 498 674 ψ.
511 623 660 668 quem»
682 608 865 653 ederint.
918 609 1068 665 Quam
1096 609 1387 653 definitionem
1415 611 1701 668 'quamquam
1693 608 1911 665 Socrates
1921 606 2117 651 coneedit
2144 605 2290 651 verbis
2319 615 2433 651 recte
2462 620 2556 651 ssss
2584 609 2761 653 emtu-

294 681 488 733 Μ
499 671 652 725 ἰαί·
698 690 867 721 veram
882 682 982 733 asse
1005 683 1170 735 negat,
1195 692 1332 735 quum
1364 677 1472 723 haec
1507 677 1565 721 sit
1590 663 1920 736 Entbypluonis
1956 674 2124 734 opinio,
2167 673 2272 719 deos
2309 674 2422 719 inter
2449 690 2496 719 se
2524 672 2757 720 dissentire

273 754 276 757 ’
301 741 443 816 atque·
447 741 738 796 &obtundet-m
775 745 873 805 aliis
900 745 1036 803 igitur
1062 745 1146 789 diis
1174 746 1260 789 alia
1286 746 1464 824 placere·
1484 753 1527 790 et
1555 759 1656 792 can
1681 760 1795 797 esss3
1831 745 1977 802 itaque
2003 743 2100 787 fieri
2129 758 2267 801 posse,
2296 741 2358 795 ιιι,
2387 743 2506 801 quod
2533 743 2656 802 pium
2684 743 2759 796 sit,

301 816 419 861 idem
441 813 502 859 dt
528 812 726 871 impium.
771 797 946 868 Qubd
933 828 1076 871 ipsum
1098 813 1296 870 jucunda
1323 828 1422 858 cum
1450 813 1648 858 irrisione
1675 813 1731 857 ad
1760 814 1970 858 actionem
1989 812 2259 862 transfertur,
2288 827 2421 868 quam
2440 812 2553 869 patri
2572 811 2747 870 Euthy-

303 884 419 943 pluro
439 877 637 932 intendit,
665 894 778 938 quae
804 879 901 924 a‘liis
931 881 1109 925 fortasse
1138 881 1225 924 diis
1253 882 1443 940 placeat,
1481 881 1578 925 aliis
1605 880 1845 939 displiceat.
1903 880 2095 925 Omnino
2124 879 2254 923 etiam
2281 878 2403 923 hae
2389 895 2435 922 ιιι
2465 877 2756 937 disputatione

304 954 504 996 Socrates
531 958 690 1007 magna
717 955 760 992 ct
787 947 1025 993 subtilitate
1062 957 1104 992 et
1143 948 1385 993 urbanitate
1423 949 1552 994 falsas
1588 950 1643 993 de
1678 949 1762 993 diis
1800 949 2024 1007 opiniones
2052 947 2381 1025 Euthypbronis
2421 947 2581 992 refellit
2606 961 2660 991 nc
2689 960 2761 991 rs-

303 1016 488 1074 darguit.
576 1016 719 1072 Quem
758 1015 835 1060 ubi
873 1016 1021 1060 docuit
1058 1016 1175 1075 apud
1211 1015 1405 1061 homines
1434 1016 1599 1061 nnllam
1627 1032 1721 1061 esse
1749 1017 2082 1061 controversiam
2118 1015 2174 1059 de
2203 1015 2282 1067 iis,
2318 1029 2430 1071 quas
2457 1015 2757 1060 ratiocinando

303 1093 389 1129 aut:>
404 1084 621 1128 metiendo
649 1092 725 1129 aut
753 1085 1029 1143 ponderando
1058 1085 1228 1129 deliniri
1257 1085 1442 1145 possint,
1481 1085 1556 1128 sed
1586 1085 1641 1140 de
1679 1100 1750 1137 eo,
1789 1085 1896 1142 quid
1918 1086 2086 1141 justum
2116 1084 2189 1135 sit,
2231 1083 2337 1140 quid
2376 1084 2607 1139 injustum,
2641 1084 2756 1141 ,qaid

304 1153 551 1205 honestum,
590 1152 697 1210 quid
726 1159 872 1211 turpe,
912 1153 1018 1210 quid
1048 1154 1230 1204 bonum,
1266 1153 1372 1211 quid
1401 1153 1584 1207 malum,
1622 1168 1677 1197 ne
1712 1152 1831 1212 apud
1858 1153 1962 1196 deos
1990 1151 2168 1210 quidem
2206 1152 2301 1196 aliis
2338 1151 2393 1195 de
2423 1151 2552 1196 rebus
2580 1151 2747 1210 ambign'

304 1236 430 1279 posse
464 1227 540 1264 ant
573 1221 725 1264 certari
765 1222 1103 1280 argumentando
1142 1222 1375 1265 confirmat.
1445 1221 1509 1265 At
1545 1222 1607 1264 ita
1641 1228 1828 1265 statuere
1865 1220 2075 1264 absonum
2113 1234 2206 1263 esse
2242 1234 2297 1263 ex
2327 1218 2516 1263 Socratis
2544 1220 2761 1264 sententia

305 1288 403 1344 quis
432 1302 519 1330 non
547 1287 791 1345 intelligat?
848 1289 960 1331 Nam
990 1290 1027 1331 si
1057 1290 1118 1331 dii
1149 1297 1261 1341 sunt,
1301 1289 1403 1332 boni
1432 1290 1519 1331 sint
1546 1304 1718 1332 necesse
1747 1296 1824 1331 est.
1883 1287 1967 1332 Cui
1998 1302 2084 1330 non
2113 1302 2159 1330 se
2188 1286 2381 1330 intrudat
2409 1286 2571 1330 locutio
2600 1288 2683 1331 bac
2705 1286 2758 1330 in

305 1363 427 1413 parte
454 1354 643 1398 maxima
671 1355 716 1397 vi
737 1362 804 1398 ter
831 1356 1012 1415 repetita
1039 1355 1156 1414 εἴπερ
1185 1373 1219 1399 τι
1249 1357 1337 1400 θεοὶ
1366 1356 1626 1414 διαφέρονται
1657 1360 1717 1413 (p.
1748 1358 1773 1399 7
1806 1354 1885 1411 D),
1920 1354 2037 1412 εἴπερ
2064 1354 2318 1403 στασιάζουσι
2347 1356 2440 1413 περὶ
2476 1357 2556 1398 τῶν
2592 1355 2759 1402 δαείω

305 1424 373 1467 καὶ
401 1422 550 1467 ἀδίκων
578 1427 638 1481 (p.
668 1425 697 1467 8
727 1424 804 1477 D),
832 1423 950 1482 εἴπερ
978 1425 1272 1483 ἀμφισβητοῦσί
1300 1442 1346 1481 γε
1375 1425 1467 1469 θεοί
1492 1429 1552 1482 (p.
1583 1426 1610 1468 8
1641 1423 1729 1476 Est
1815 1423 1892 1466 Dii
1922 1424 2037 1466 enim
2074 1423 2111 1466 si
2140 1432 2264 1474 sunt,
2300 1423 2356 1465 de
2391 1423 2592 1466 omnibns
2628 1424 2761 1467 rebus

304 1491 417 1534 inter
444 1504 491 1535 se
519 1490 785 1534 consentiant
815 1506 986 1535 necesse
1015 1500 1090 1536 est.
1150 1492 1300 1547 Quum
1328 1492 1464 1548 igitur
1491 1507 1546 1534 ne
1576 1492 1656 1535 bac
1684 1492 1859 1547 quidem
1889 1491 2138 1534 definitione
2153 1490 2413 1547 Euthyphro
2429 1491 2598 1534 Socrati
2626 1492 2758 1534 satis—

304 1557 494 1609 fecisset,
534 1557 661 1601 aliam
701 1571 881 1615 eamque
917 1558 1137 1602 meliorem
1177 1559 1442 1602 conformare
1479 1566 1650 1602 coactus
1686 1565 1772 1610 est;
1817 1573 1947 1615 quam
1985 1557 2141 1601 deinde
2179 1558 2352 1601 tertia
2386 1557 2549 1614 dialogi
2597 1567 2760 1615 parte
2788 1551 2791 1556 ’

308 1624 434 1682 (Cap.
463 1624 539 1667 XI
568 1646 626 1657 --
653 1624 745 1668 init.
776 1624 881 1683 Cap.
911 1624 1048 1677 XIII,
1077 1640 1119 1683 p.
1149 1626 1176 1667 9
1198 1625 1242 1668 D
1269 1648 1330 1658 -
1359 1626 1408 1667 11
1435 1625 1489 1679 B)
1529 1626 1794 1684 superiorem
1831 1639 2133 1670 consummans
2163 1625 2365 1683 proponit
2394 1625 2466 1677 ita,
2496 1632 2545 1670 ut
2574 1625 2756 1671 definiat

303 1692 444 1748 pium
474 1706 615 1743 esse,
645 1692 789 1748 quod
819 1707 846 1734 a
873 1692 981 1735 diis
1009 1701 1219 1736 ametur
1246 1693 1523 1745 omnibus,
1559 1709 1742 1737 omnes
1779 1707 1910 1737 vero
1939 1693 2016 1735 dii
2045 1694 2188 1751 quod
2218 1694 2458 1745 oderint,
2501 1694 2760 1751 impium,

304 1766 346 1801 et
375 1757 493 1815 quod
522 1758 595 1801 alii
624 1767 790 1810 ament,
829 1760 902 1802 alii
932 1760 1122 1811 oderint,
1158 1767 1233 1803 aut
1262 1769 1463 1803 neutrum
1491 1776 1583 1803 esse
1612 1769 1687 1804 aut
1716 1769 1960 1818 utrumque.
2022 1762 2085 1803 At
2114 1762 2224 1804 hanc
2251 1761 2428 1817 quidem
2457 1762 2755 1805 definitionem

302 1825 502 1869 sufficere
530 1826 727 1871 Socrates
757 1835 905 1884 negat,
941 1828 1059 1884 quod
1088 1843 1173 1870 non
1203 1828 1341 1889 ipsam
1369 1828 1432 1873 rei
1461 1835 1657 1871 naturam
1687 1828 1861 1883 (οὐσίαν)
1889 1835 2050 1886 tangat,
2089 1827 2165 1870 sed
2195 1827 2241 1870 id
2270 1835 2439 1871 tantum
2468 1828 2632 1881 afferat,
2669 1844 2760 1886 quo

303 1893 366 1937 dii
394 1893 638 1938 afficiantur
669 1895 847 1951 (πάθος).
892 1896 1024 1950 Quod
1053 1912 1188 1955 quum
1217 1896 1459 1941 admirabili
1489 1896 1577 1948 illa,
1606 1911 1694 1954 qua
1721 1895 1923 1955 pollebat,
1952 1903 2043 1939 arte
2071 1895 2299 1939 dialectica
2312 1896 2625 1954 Eutbyphroni
2655 1912 2760 1955 pro—

306 1962 459 2014 basset,
487 1962 559 2005 hic
587 1962 715 2021 plane
742 1964 1032 2021 perturbatus
1046 1979 1097 2009 ac
1126 1979 1259 2022 paene
1287 1965 1537 2022 desperatus
1557 1964 1751 2017 miratur,
1779 1964 1856 2020 qui
1884 1964 2059 2007 tandem
2087 1963 2174 2015 fiat,
2204 1971 2265 2015 ut,
2302 1978 2415 2020 quae
2442 1964 2573 2008 modo
2601 1979 2762 2023 propo-

303 2029 489 2082 suerint,
545 2042 767 2089 nunquam
805 2046 884 2075 suo
911 2031 1006 2076 loco
1035 2040 1255 2085 maneant,
1294 2032 1370 2076 sed
1398 2046 1567 2090 semper
1595 2039 1849 2076 moveantur
1883 2039 2013 2088 atque
2041 2031 2409 2078 circumferantur.
2469 2031 2595 2088 Quae
2625 2033 2760 2077 verba

303 2097 476 2141 Platoni
514 2099 783 2142 occasionem
818 2100 1024 2158 praebent
1062 2100 1175 2144 inter
1212 2100 1467 2144 dramatioos
1504 2100 1804 2157 disputationis
1842 2106 1963 2143 actus
2001 2113 2171 2143 scenam
2211 2099 2425 2143 inserendi
2455 2100 2629 2158 plenam
2656 2114 2761 2149 sua-

303 2165 468 2208 vissimi
496 2165 655 2222 leporis
686 2166 914 2217 Socratici3
960 2168 1178 2211 Socratem
1216 2169 1329 2210 enim
1365 2169 1426 2209 ita
1458 2168 1721 2210 disserenten
1758 2168 1882 2218 facit,
1922 2176 1970 2209 ιιι
1999 2168 2357 2224 Euthypbronem
2395 2175 2614 2226 comparet
2655 2182 2757 2212 oum

303 2231 512 2283 Daedalo,
541 2232 665 2288 cujus
693 2248 763 2276 ars
791 2240 909 2276 tanta
937 2234 1069 2277 fuisse
1098 2234 1268 2285 dicitur,
1298 2242 1347 2277 ut
1375 2242 1540 2277 statuae
1571 2234 1626 2276 ab
1656 2248 1707 2276 eo
1736 2234 1873 2278 factae
1902 2249 1981 2276 suo
2011 2235 2107 2278 loco
2135 2242 2413 2279 moverentur
2440 2242 2483 2278 et
2512 2236 2637 2293 quasi
2666 2251 2762 2280 am-

303 2298 514 2344 bularent.
565 2298 698 2354 Quod
727 2316 863 2356 quum
879 2301 1141 2358 Euthyphro
1169 2302 1224 2344 de
1253 2310 1387 2345 semet
1413 2302 1508 2360 ipso
1537 2302 1623 2345 diei
1652 2316 1778 2360 posse
1805 2310 2002 2359 negasset
2031 2310 2073 2344 et
2104 2303 2215 2345 hane
2232 2302 2416 2345 Doedali
2445 2311 2584 2346 artem
2611 2303 2762 2362 potius

302 2365 523 2412 tribuisset
545 2365 745 2421 Socrati,
785 2366 877 2422 hic,
914 2370 951 2414 si
980 2369 1042 2414 ita
1079 2379 1211 2422 esset,
1249 2370 1512 2429 lepidissime
1551 2371 1780 2429 respondet
1817 2386 1864 2415 se
1900 2379 2018 2414 tanto
2055 2371 2251 2413 futurum
2289 2384 2382 2413 esse
2418 2371 2760 2416 artifioioeiom

303 2432 523 2487 Daedalo,
559 2436 678 2493 quod
716 2436 790 2480 ille
829 2451 907 2480 sua
944 2445 1111 2482 tantum
1147 2453 1198 2482 ea
1226 2438 1395 2490 feeerit,
1435 2446 1484 2482 ut
1512 2453 1591 2483 suo
1619 2438 1715 2482 loco
1744 2445 2035 2489 moverentur,
2073 2437 2166 2493 ipse
2196 2450 2299 2479 vero
2328 2436 2457 2479 etiam
2487 2436 2628 2479 aliena
2656 2436 2763 2480 talia

308 2504 448 2546 facere
476 2503 647 2546 dicatur
676 2507 736 2562 (p.
755 2505 805 2545 11
824 2504 1022 2557 Ο-Ε).
1067 2505 1240 2560 Quibus
1270 2505 1531 2564 interpositis
1559 2513 1756 2563 quarta
1782 2505 1944 2562 dialogi
1974 2511 2128 2562 parte
2157 2507 2202 2554 (a
2230 2503 2372 2546 medio
2400 2502 2501 2546 inde
2515 2502 2764 2562 oapxm

309 2584 447 2628 usque
474 2570 531 2614 ad
550 2570 657 2630 Gap.
677 2570 797 2616 XVI
816 2587 951 2631 prope
979 2580 1231 2626 extremum,
1261 2589 1302 2631 p.
1336 2576 1386 2617 11
1409 2574 1451 2618 E
1479 2599 1536 2606 —
1568 2575 1621 2617 14
1640 2574 1712 2627 B.)
1741 2574 1834 2631 ipse
1854 2573 2063 2623 Socrates,
2093 2580 2140 2615 ut
2170 2571 2327 2615 rectius
2355 2572 2492 2629 pietas
2521 2571 2766 2625 definiatur,

307 2637 618 2696 Euthyphroni
655 2639 716 2681 ita
744 2639 966 2692 subvenit,
1007 2647 1055 2683 ut
1092 2640 1293 2698 pietatem
1330 2648 1541 2699 proponat
1576 2648 1741 2699 partem
1784 2655 1877 2685 esse
1909 2639 2102 2697 justitiae
2130 2638 2424 2698 (δικαιοσύνης).
2483 2638 2634 2695 Quare
2665 2641 2762 2697 jam

308 2705 370 2747 ita
398 2704 548 2747 definit
577 2705 804 2762 pietatem,
843 2716 892 2749 ut
921 2722 1032 2750 eam
1071 2716 1277 2766 partem
1306 2710 1569 2766 justitiae
1598 2724 1714 2753 esse
1742 2716 1923 2761 statuat,
1963 2723 2098 2765 quae
2125 2708 2191 2751 ad
2219 2709 2443 2752 deorum
2474 2708 2765 2766 pertinent

309 2772 543 2825 oultum,
580 2788 717 2829 quum
754 2774 921 2830 reliqua
956 2791 1054 2832 pars
1092 2776 1303 2832 pertineat
1337 2777 1392 2819 ad
1428 2791 1574 2820 curam
1605 2778 1840 2821 hominum.
1900 2777 2028 2819 Hanc
2066 2777 2357 2818 definitionem
2386 2790 2523 2832 quum
2552 2775 2607 2817 ab
2637 2776 2763 2818 initio

310 2840 507 2896 Socrates
533 2840 753 2887 laudasset
782 2851 912 2900 atque
940 2842 1229 2901 approbasset,
1266 2852 1421 2895 tamen,
1460 2859 1515 2886 ne
1542 2860 1629 2900 qua
1657 2845 1790 2887 ullius
1819 2845 1937 2886 vocis
1966 2844 2205 2886 obscuritas
2234 2851 2310 2885 aut
2337 2844 2598 2898 ambiguitas
2627 2843 2762 2886 relin-

310 2916 526 2966 queretur,
555 2908 638 2953 hoc
667 2911 914 2966 quaerendo
943 2927 997 2955 ex
1027 2911 1341 2970 Euthyphrone
1369 2911 1523 2954 elicere
1552 2911 1707 2963 studet,
1743 2911 1920 2969 quinam
1950 2911 2094 2954 cultus
2125 2910 2366 2968 (θεραπεία)
2398 2910 2582 2955 deorum
2610 2911 2667 2954 sit
2695 2911 2765 2954 in-

309 2975 588 3035 telligendus,
623 2978 832 3035 exemplis
861 2979 916 3022 ab
945 2986 1036 3023 arte
1065 2980 1260 3037 equaria,
1298 2979 1518 3022 venatoria
1545 2979 1832 3038 pecuariaque
1860 2979 2026 3037 petitis,
2061 2995 2115 3022 ne
2145 2979 2242 3036 quis
2272 2979 2317 3021 in
2346 2994 2444 3023 eum
2474 2994 2663 3022 errorem
2693 2980 2763 3022 in-

310 3052 478 3098 currat,
514 3044 638 3103 qussi
675 3045 866 3103 ipsorum
905 3060 1033 3092 causa
1072 3048 1133 3092 dii
1163 3048 1360 3094 colantur
1392 3058 1467 3092 aut
1502 3047 1650 3101 etiam,
1688 3047 1734 3092 id
1773 3046 1890 3106 quod
1929 3048 2139 3091 absonum
2175 3046 2249 3099 sit,
2287 3046 2482 3089 meliores
2512 3046 2767 3092 reddantur.

310 3115 460 3170 Quum
505 3128 604 3159 vero
633 3114 680 3158 id
708 3114 849 3174 ipsum
879 3123 989 3173 aga,
1020 3124 1067 3160 ut
1082 3117 1441 3177 Euthyphronem
1471 3117 1526 3162 ad
1556 3133 1701 3162 veram
1731 3116 1874 3162 cultus
1902 3115 2193 3160 definitionem
2222 3113 2547 3172 proponendam
2565 3115 2768 3168 adducat,

309 3191 359 3225 ut
387 3184 479 3239 ejus
508 3191 551 3226 et
579 3192 732 3227 natura
760 3192 802 3226 et
830 3184 914 3227 fine
944 3192 1058 3228 recte
1086 3185 1315 3230 intellectis
1356 3187 1484 3230 etiam
1522 3186 1692 3244 pietatis
1724 3184 1916 3228 definitio
1944 3183 2134 3239 perfecta
2170 3181 2345 3234 evadat,
2382 3182 2524 3226 tribus
2553 3183 2764 3240 exemplis

310 3250 588 3304 medicorum,
626 3252 798 3296 fabrum
828 3253 1055 3305 navalium,
1084 3253 1414 3311 architectorum
1444 3254 1661 3311 praeclare
1689 3253 1733 3295 id
1764 3252 1995 3301 illustrans,
2024 3264 2193 3307 semper
2221 3250 2276 3293 ab
2306 3250 2555 3301 artificibus,
2592 3249 2767 3293 famulis

310 3317 665 3370 ministrantibus,
703 3320 870 3377 aliquid
900 3320 1028 3373 effici,
1058 3321 1322 3378 Euthyphro
1361 3336 1446 3364 non
1476 3321 1602 3363 modo
1632 3334 1717 3362 non
1746 3319 1876 3361 finem
1904 3319 2085 3362 definire
2114 3327 2254 3376 potest
2283 3328 2357 3362 aut
2386 3317 2763 3374 comprehendere,

311 3400 442 3442 quem
470 3385 532 3428 dii
562 3385 809 3430 hominibus
839 3388 1178 3432 ministrantibus
1207 3389 1378 3446 assequi
1407 3388 1553 3440 velint,
1582 3387 1659 3431 sed
1689 3386 1818 3430 etiam
1836 3386 2144 3445 interrogatus3
2175 3387 2213 3431 τί
2239 3387 2285 3431 δὲ
2315 3387 2385 3446 θῇς
2414 3388 2489 3429 τῶν
2517 3385 2667 3428 πολλῶν
2696 3387 2767 3430 καὶ

310 3455 455 3504 καλῶν,
486 3454 514 3495 ἃ
542 3455 579 3495 οξ
606 3454 694 3496 θεοὶ
723 3455 1031 3512 ἀπεργάζονται,
1071 3457 1108 3500 τί
1134 3458 1176 3499 τὸ
1202 3456 1416 3514 κεφάλαιόν
1444 3455 1525 3497 ἐστι
1555 3459 1626 3514 τῆς·
1650 3454 1866 3513 &praciam
1914 3469 2081 3499 summa
2118 3456 2180 3499 rei
2215 3454 2408 3511 neglecta
2445 3453 2501 3496 ad
2541 3453 2767 3510 pristinam

311 3537 435 3566 suam
465 3522 703 3566 revolvitur
730 3524 975 3580 opinionem
1016 3533 1144 3583 atque
1180 3523 1370 3582 singulas
1410 3523 1619 3580 quasdam
1657 3524 1844 3568 aetiones
1882 3524 1975 3581 pias
2014 3525 2147 3567 affert.
2207 3523 2417 3576 Quinta
2456 3523 2571 3566 enim
2601 3523 2766 3579 dialogi

2517 3589 2562 3628 8·
