3166 4113
213 400 221 403 -
296 395 1950 498 nnssmqmdenusebeumqmcuoehfles-nna-nm
1988 437 2213 485 mmm
2249 436 2756 571 ηψπ
2829 456 2832 459 .

297 505 1191 566 nanqaodmhyphminmvgntm.
1225 502 2596 570 mfsqmnqmsfflomafflw

298 577 535 631 τοῖα-θεοῖς,
559 574 810 632 rapu-dot:
839 565 2757 651 westmetaedmfflqmffimpnmmmmm

299 640 1232 721 Wssm⁸fflssen¹⁰m¹⁸fffdtts
1260 641 1336 684 ted
1364 634 2765 703 itaut-1}unffi-naconfugistcendwalam-cras‹aptato-mm.v

299 711 471 758 Etenim
497 710 538 754 si
565 709 785 754 Socratem
815 715 929 753 recte
959 708 1233 767 percepisset,
1270 708 1381 752 deos
1402 709 1588 775 omn
1604 710 1770 763 nuliius
1796 710 1860 755 rei
1888 707 2405 769 indigerem
2437 720 2494 766 et,
2530 713 2594 757 ita
2618 725 2690 758 res
2717 712 2757 778 ei

298 797 352 837 se
373 779 563 831 haberet,
601 778 805 834 injustam
836 791 929 820 esse
966 777 1189 829 rationem,
1226 792 1338 834 quae
1365 761 1648 837 law
1673 777 1789 822 inter
1823 778 1928 822 deos
1956 786 2000 822 et
2030 778 2237 830 homines,
2272 792 2363 837 qn
2389 779 2584 826 hemines
2611 774 2757 826 omnia

304 849 420 893 bone·
446 861 474 890 a
500 845 584 890 diis
613 846 895 905 perciperent,
925 845 987 890 dii
1015 844 1070 890 ab
1099 845 1347 891 hominibus
1375 841 1565 899 nullu-3
1586 844 1722 891 facile
1743 844 1834 891 sibi
1847 847 2139 905 persuasisset.
2188 847 2282 892 Iam
2300 848 2416 893 enim
2433 848 2631 894 futui-tm
2649 856 2767 903 esse,

296 925 360 961 ut
373 916 509 973 pietas
536 923 651 957 reete
669 914 960 971 appellaretur
989 929 1058 957 ars
1088 922 1352 957 mercaturae
1370 913 1605 967 faciendae,
1633 927 1764 973 qum
1794 915 2078 973 negotiatores
2106 928 2192 959 non
2221 915 2409 960 facerent
2437 915 2521 961 nisi
2550 925 2768 975 quaesus‘

298 997 436 1027 ωιιω.
495 981 641 1037 Quam
669 996 772 1024 vero
799 981 979 1037 indigna
1017 982 1122 1024 haec
1156 982 1216 1023 sit
1241 981 1296 1024 de
1331 982 1498 1038 pietate
1511 982 1676 1040 opinio,
1714 982 1785 1025 vel
1816 981 2078 1041 Entbypbro
2118 983 2234 1026 haud
2270 983 2457 1028 multum
2484 984 2618 1038 abest,
2646 984 2756 1044 quin

297 1051 378 1096 hoo
406 1049 502 1094 loco
530 1049 694 1094 sentiat.
754 1049 907 1093 Altero
937 1058 1080 1094 autem
1117 1048 1212 1094 loco
1243 1051 1392 1107 (p..124
1418 1050 1478 1103 B)
1492 1048 1768 1109 -Duthypbro
1807 1066 1893 1094 non
1931 1051 2102 1094 disertis
2139 1051 2316 1108 quidem
2345 1051 2489 1095 verbis
2517 1052 2756 1104 dicitrsed,

297 1128 349 1164 ut
374 1118 627 1176 vulgaribus
656 1118 828 1161 deditus
857 1127 922 1162 est
950 1117 1229 1176 opinionibus
1254 1125 1300 1162 et
1326 1132 1463 1162 nexus
1491 1119 1617 1162 docet
1645 1119 1781 1162 totius
1807 1119 1961 1177 partis,
2000 1120 2104 1161 satis
2132 1128 2280 1177 aperta
2306 1120 2468 1162 indicat
2503 1120 2587 1163 sibi
2614 1119 2756 1163 videri

296 1187 496 1245 pietatem
524 1187 624 1231 ideo
653 1185 876 1231 colendam
904 1200 1010 1238 esse,
1039 1193 1088 1229 ut
1116 1184 1272 1229 domus
1298 1185 1578 1243 ciuitatesque
1607 1195 1929 1238 conserventur,
1969 1187 2231 1244 impietatem
2259 1188 2523 1244 fugiendam,
2552 1202 2608 1231 ne
2635 1187 2756 1230 labe-

296 1256 511 1299 factentur
538 1261 614 1298 aut
643 1253 962 1298 subvertantur.
1011 1253 1142 1309 Quod
1171 1252 1342 1312 pietatis
1361 1254 1634 1300 commodum
1665 1253 1942 1312 quantumvis
1971 1270 2055 1298 non
2085 1254 2209 1312 parvi
2228 1255 2546 1298 aestimandum
2575 1245 2760 1307 censeat,

296 1332 440 1364 tamen
467 1323 598 1365 Plato
623 1322 739 1364 hunc
767 1337 848 1365 nec
875 1322 1063 1379 primum
1098 1336 1179 1364 nec
1217 1336 1433 1364 summum
1475 1322 1646 1379 pietatis
1680 1322 1810 1365 finem
1855 1337 1947 1365 esse
1985 1322 2093 1373 vult,
2136 1330 2186 1365 ut
2214 1321 2498 1366 incolumitati
2542 1336 2687 1367 renam
2714 1329 2760 1366 et

296 1389 568 1446 publicarum
599 1397 641 1432 et
669 1389 934 1446 privatarum
970 1389 1269 1446 prospiciatur,
1309 1389 1386 1432 sed
1425 1392 1480 1431 ιιι
1510 1389 1753 1432 animorum
1791 1389 2061 1447 singulorum
2100 1388 2229 1433 saluti
2268 1389 2528 1443 consulatur,
2561 1389 2767 1435 omnium·

297 1472 438 1501 mores
468 1456 761 1509 emendentur,
799 1472 946 1500 omnes
974 1458 1030 1499 ad
1060 1457 1262 1500 virtutem
1289 1457 1582 1516 perducantur
1608 1465 1739 1515 atque
1768 1457 1824 1500 ad
1853 1457 2179 1502 similitudinem
2209 1458 2391 1505 deorum
2419 1458 2754 1504 conformemur.

198 1584 204 1587 ‘
297 1523 421 1580 Quae
451 1524 668 1575 sententia*
688 1525 847 1569 centies
887 1525 1003 1582 apud
1033 1524 1256 1569 Platonem
1299 1525 1432 1569 obvia⁴
1465 1534 1542 1579 est,
1593 1527 1685 1574 subc
1719 1527 1963 1585 ἀνδρόπαις
1992 1527 2275 1586 ὰιιμεληθῆνω
2317 1527 2414 1580 δᾶν,
2451 1529 2564 1576 dm<
2599 1526 2769 1572 taum·

296 1594 354 1637 ὅτι
383 1592 552 1651 ἄριστα,
580 1607 632 1637 ea
660 1608 746 1641 non
775 1593 1075 1649 praetermissa
1102 1601 1167 1635 est
1194 1593 1241 1635 in
1268 1592 1597 1650 Euthypbrone,
1626 1595 1681 1638 cf.
1711 1592 1756 1651 p-
1786 1595 1817 1636 2
1843 1594 1902 1646 D,
1937 1602 1980 1637 et
2008 1595 2211 1638 extremis
2239 1595 2371 1638 totius
2411 1594 2577 1654 dialogi
2615 1594 2770 1638 verbis*

299 1675 369 1705 res
398 1660 495 1720 ipsa
521 1660 627 1706 satis
656 1660 770 1704 clare
798 1659 1078 1718 significatur.
1137 1661 1291 1718 Atque·
1305 1660 1380 1705 ‘ita
1403 1675 1554 1705 revera
1580 1670 1655 1707 est.
1720 1660 1969 1704 Dummodo
1998 1662 2135 1718 pietas
2164 1677 2266 1706 vera
2303 1663 2349 1705 in
2379 1663 2574 1706 omnium
2603 1663 2759 1705 animis

298 1729 497 1781 insideat,
525 1728 738 1788 plurimae
766 1728 972 1774 utilitates
1003 1728 1048 1772 in
1078 1742 1231 1773 omnes
1255 1742 1322 1773 res
1351 1737 1409 1774 et
1421 1727 1619 1787 ¹publicas
1648 1737 1692 1773 et
1722 1729 1911 1787 privatas
1939 1729 2193 1773 redundant.
2252 1729 2365 1774 Ham
2403 1745 2583 1787 prorsus
2611 1743 2758 1773 assen-

293 1797 492 1840 tiendum
523 1804 588 1840 est
617 1796 865 1847 Theaeteto,
896 1796 973 1852 qui
1001 1796 1191 1840 Socratis
1213 1796 1478 1860 sapientiam
1516 1797 1754 1840 admiratus
1796 1796 1904 1841 haec
1940 1797 2097 1852 jactat.
2141 1797 2195 1838 El
2236 1797 2396 1848 πάντας,
2439 1796 2476 1839 ὦ
2520 1796 2764 1854 Σάμια,-

298 1864 454 1911 πείῦοις
479 1864 508 1905 ἃ
534 1864 665 1918 λέγεις
688 1863 829 1920 ὥπερ
858 1863 945 1919 ἐμὲ,
972 1862 1116 1905 πλείων
1144 1863 1206 1905 ἂν
1220 1861 1364 1921 εἰρήνη
1389 1864 1457 1905 καὶ
1484 1864 1591 1906 κατὰ
1619 1863 1770 1906 ἐλάται)
1799 1863 1887 1905 κατ’
1918 1863 2160 1919 ἀνθρώπους
2183 1862 2247 1921 εἴη
2274 1860 2471 1914 mrem&
2499 1878 2543 1920 p.
2577 1864 2661 1907 17⁶
2678 1861 2758 1919 A).

299 1932 364 1973 At
394 1930 646 1986 quicunque
675 1930 785 1972 lucri
815 1943 945 1972 causa
972 1929 1062 1971 sive
1092 1929 1265 1984 majoris
1293 1931 1385 1972 sive
1403 1930 1582 1972 minoris
1613 1931 1761 1986 pietati
1799 1930 1955 1979 studet,
1985 1931 2101 1972 waui
2129 1944 2181 1972 ac
2208 1937 2407 1972 naturam
2427 1929 2559 1986 liujus
2586 1929 2764 1973 divin-e

302 1996 473 2040 virtutis
502 2010 589 2039 non
617 1996 720 2038 satis
749 2002 1015 2053 perspectam
1046 1994 1186 2040 habet.
1245 1994 1337 2049 Qui
1378 1995 1513 2052 igitur
1550 1994 1697 2052 plures
1733 2003 1777 2039 et
1817 1995 2091 2052 pretiosiores
2127 1997 2324 2039 victimas
2351 1996 2546 2040 immolat
2574 2011 2626 2039 eo
2655 2011 2760 2039 con-

301 2065 411 2116 silio,
441 2071 490 2107 ut
518 2063 645 2121 plura
674 2063 757 2106 sibi
788 2070 830 2106 et
859 2062 1111 2120 pretiosiora
1138 2062 1253 2106 dona
1287 2077 1314 2105 a
1339 2061 1424 2106 diis
1451 2061 1699 2114 reddantur,
1727 2063 1767 2105 is
1799 2063 1987 2107 maximo
2023 2063 2068 2106 in
2109 2077 2253 2107 errore
2282 2072 2490 2121 versatur,
2515 2063 2756 2120 filumque

301 2133 430 2175 habet
458 2133 671 2189 pietatem.
730 2125 1030 2181 ,βυσίαςδὲ
1067 2131 1202 2173 θύων
1232 2130 1441 2186 μικρὰς,
1478 2129 1620 2187 inquit
1655 2129 1710 2172 de
1739 2129 1916 2174 Socrate
1943 2130 2148 2188 Xenoph.
2186 2131 2231 2174 in
2260 2131 2444 2177 Memor.
2473 2129 2549 2175 lib.
2579 2129 2616 2176 Ῑ.
2647 2130 2756 2190 cap.-

301 2199 386 2245 ΠΙ.
418 2201 438 2255 ξ
467 2201 508 2250 3,
551 2200 631 2241 ἀπὸ
672 2201 842 2256 μικρῶν,
887 2199 1038 2241 οὐδὲν
1079 2199 1215 2256 ἡγεῖτο
1253 2197 1531 2254 μειοῦσθαι
1574 2200 1653 2240 τῶν
1696 2198 1776 2240 ἀπὸ
1818 2198 1969 2240 πολλῶν
2005 2200 2073 2239 καὶ
2105 2199 2295 2254 μεγάλων
2336 2198 2457 2240 πολλὰ
2498 2198 2764 2256 καὶμηὼ

302 2268 488 2312 θυόντων·
518 2266 609 2311 οὔτε
639 2267 723 2325 γὰρ
753 2268 832 2315 τοῖς
856 2266 967 2315 θεοῖς
990 2264 1068 2324 ἔφη
1095 2263 1229 2314 καλῶς
1250 2263 1372 2326 ἔχειν,
1401 2265 1440 2312 εἰ
1460 2267 1554 2313 »ταῖς
1575 2265 1774 2323 μεγάλαις
1799 2265 1958 2313 θυσίαις
1979 2266 2127 2322 μᾶλλον
2153 2266 2467 2324 ἢταῖςμικραῖι·
2486 2265 2655 2326 ἔχαιρον
2673 2268 2754 2309 τά.

302 2336 426 2379 Idem
456 2336 511 2379 de
540 2335 740 2394 precibus
771 2335 844 2387 (cf.
876 2333 1031 2378 Matth.
1062 2348 1212 2392 evang.
1242 2333 1350 2392 Gap.
1381 2332 1449 2378 vl
1478 2348 1527 2379 v.
1550 2335 1596 2387 ⁷)
1625 2342 1668 2378 et
1697 2333 1878 2392 reliquis
1906 2334 2147 2379 actionibus
2175 2334 2406 2378 dicendnm
2435 2342 2500 2378 est
2528 2335 2625 2392 piis.

508 2403 670 2455 Restat,
714 2411 762 2445 ut
806 2402 870 2445 de
905 2410 1058 2459 quarto
1100 2402 1233 2448 falsae
1274 2401 1445 2458 pletum
1485 2400 1644 2458 genere
1688 2416 1889 2479 agamus,
1930 2401 2071 2459 qnod
2110 2402 2327 2444 omnino
2365 2401 2529 2445 falsis
2558 2402 2620 2446 de
2648 2402 2758 2446 diis

303 2470 663 2528 opinionibus
692 2470 799 2513 niti
829 2470 1086 2521 diximus,
1123 2467 1450 2525 audiamusque,
1484 2466 1648 2525 quanta
1687 2470 1732 2512 vi
1772 2476 2019 2526 quantaque
2057 2469 2284 2512 severitate
2313 2468 2438 2511 Plato
2468 2468 2544 2511 has
2583 2483 2757 2526 quoque

304 2538 504 2595 vulgares
533 2538 856 2596 superstitiones
885 2538 929 2580 in
959 2537 1273 2595 Euthyphrone
1311 2535 1629 2595 improbaverit.
1688 2537 1778 2580 Hic
1808 2544 1950 2580 antem
1989 2552 2075 2580 non
2105 2536 2265 2580 suffieit
2306 2551 2442 2579 unum
2469 2543 2546 2579 aut
2573 2537 2758 2580 altenun

304 2607 464 2663 dialogi
503 2607 645 2649 locum
682 2607 849 2656 afferre,
885 2606 961 2648 sed
999 2612 1089 2648 toto
1124 2604 1297 2662 dialogo
1335 2604 1395 2647 ab
1435 2603 1559 2647 initio
1586 2618 1727 2661 nsque
1764 2604 1820 2647 ad
1858 2605 1990 2648 finem
2018 2604 2347 2654 demonstratur,
2375 2603 2459 2646 nisi
2488 2603 2625 2662 pietas
2654 2618 2759 2647 vera

303 2671 481 2720 deorum
511 2673 754 2731 cognitione
798 2673 972 2725 nitatur,
1015 2680 1129 2717 recte
1157 2687 1238 2717 nco
1281 2671 1426 2716 verbis
1467 2672 1638 2715 definiri
1681 2685 1777 2716 eam
1822 2681 1947 2729 posse
1988 2687 2068 2716 nec
2106 2673 2295 2715 exerceri
2325 2672 2371 2714 in
2412 2672 2513 2714 vita.
2572 2672 2675 2727 Qua
2702 2672 2761 2714 de

304 2755 432 2789 causa
459 2748 609 2784 auctor
637 2740 692 2784 ab
711 2740 835 2784 initio
863 2740 1164 2799 insipientiam,
1192 2738 1481 2798 arrogantiam
1508 2747 1552 2783 et
1579 2734 1800 2783 levitatem
1822 2741 2036 2797 vituperat
2055 2740 2220 2790 Meleti,
2249 2741 2325 2794 qui
2346 2755 2481 2794 quum
2501 2739 2756 2793 vulgaribus

301 2809 357 2851 de
385 2809 468 2850 diis
497 2809 772 2866 opinionibus
801 2817 843 2852 et
872 2802 1248 2866 superstitionibus
1276 2807 1505 2851 adstrictus
1533 2806 1602 2860 sit,
1640 2814 1786 2851 nmen
1815 2806 2035 2851 insimulet
2064 2807 2295 2863 impietatis
2323 2806 2495 2849 nomine
2524 2821 2639 2857 eum,
2677 2805 2759 2861 qui·

305 2876 511 2932 singulari
542 2876 730 2931 quadam
759 2877 938 2919 deorum
968 2876 1258 2918 familiaritate
1283 2881 1438 2917 utatur-
1458 2880 1502 2917 et
1528 2874 1574 2916 in
1611 2873 1772 2932 pietate
1802 2873 2039 2917 exercenda
2075 2888 2152 2931 per
2180 2881 2312 2916 totam
2351 2872 2483 2916 vitam
2512 2882 2638 2916 omne
2665 2879 2757 2915 stu-³

305 2944 425 2987 dium
457 2943 662 3001 posuerit.
719 2943 886 2987 Eadem
917 2945 971 2986 de
1000 2958 1128 2986 causa
1155 2943 1485 2999 Euthyphronis
1521 2942 1793 2998 impietatem
1821 2942 2014 2999 castigat,
2053 2943 2142 2998 qui,
2179 2941 2285 2997 quid
2325 2941 2458 2997 pietas
2486 2946 2561 2981 aut
2589 2940 2757 2996 praeci-⁴

301 3018 422 3068 peret
449 3018 523 3055 aut
560 3010 818 3069 prohiberet,
861 3019 950 3055 tam
992 3026 1146 3069 parum
1183 3010 1462 3068 perspexerit,
1502 3017 1552 3053 ut
1581 3010 1703 3067 patri⁴
1724 3023 1898 3053 eausam
1926 3009 2183 3065 impingeret
2212 3009 2447 3065 capitalem.
2505 3007 2674 3050 Eadem
2701 3008 2758 3050 de

302 3091 433 3122 causa
460 3079 629 3123 fabulas
657 3078 712 3122 de
740 3079 824 3122 diis
853 3079 976 3122 fictas
1004 3079 1212 3122 absurdas
1241 3092 1334 3122 esse
1368 3085 1498 3135 atque
1524 3078 1692 3134 ineptas
1735 3076 1908 3127 indicat,
1948 3075 2053 3132 quin
2086 3076 2213 3118 etiam
2242 3076 2295 3118 iis
2333 3074 2532 3116 seductos
2562 3075 2755 3117 homines

301 3145 479 3189 deorum
509 3146 707 3204 exempla
726 3153 892 3190 secutos
922 3155 1097 3204 peccata
1111 3146 1340 3189 admittere
1368 3144 1526 3198 multa3
1556 3146 1673 3189 unde
1704 3145 1834 3188 etiam
1862 3143 1956 3187 fieri
1976 3159 2103 3202 posse
2132 3143 2249 3194 dicit,
2277 3149 2338 3194 ut,
2368 3142 2474 3199 quid
2496 3143 2553 3185 sit
2580 3142 2753 3193 bonum,

302 3213 408 3268 quid
443 3216 618 3267 malum,
655 3216 761 3271 quid
796 3216 1035 3265 honestum,
1072 3215 1178 3271 quid
1219 3222 1359 3272 turpe,
1397 3214 1458 3256 dii
1495 3215 1608 3256 inter
1662 3227 1707 3255 se
1752 3212 1980 3255 dissentire
2016 3220 2230 3268 putentur.
2289 3210 2455 3253 Eadem
2485 3210 2669 3264 denique
2698 3209 2754 3251 de

301 3294 431 3322 causa
475 3295 617 3325 errare
662 3283 865 3334 ostendit,
910 3283 985 3338 qui
1029 3282 1131 3324 deos
1175 3282 1419 3324 existiment
1447 3295 1582 3338 quum
1611 3278 1787 3322 omnino
1817 3279 2001 3335 alicujus
2031 3278 2091 3320 rei
2121 3277 2317 3333 indigere
2357 3286 2448 3320 tum
2477 3275 2661 3318 maxime
2688 3276 2753 3318 rei

301 3346 356 3390 ab
394 3347 639 3390 hominibus
678 3350 933 3393 offerendae.
1001 3349 1197 3403 Quarum
1243 3363 1387 3391 rerum
1433 3362 1568 3404 quum
1615 3346 1845 3389 nonnullas
1890 3348 1979 3403 jam
2024 3359 2155 3401 supra
2203 3345 2306 3388 satis
2345 3344 2590 3400 exposuisse
2628 3343 2755 3386 nobis

302 3414 538 3465 videamur,
568 3429 639 3457 eas
667 3423 847 3470 tantum,
877 3432 983 3474 quas
1013 3417 1173 3460 medias
1201 3415 1437 3472 posuimus,
1477 3430 1587 3471 quae
1619 3415 1758 3473 prima
1796 3415 1982 3457 maxime
2021 3421 2063 3455 et
2102 3414 2290 3456 secunda
2322 3412 2480 3467 dialogi
2518 3419 2639 3467 parte
2667 3417 2757 3454 tra-

302 3489 483 3534 ctantur,
514 3482 595 3525 hoe
616 3482 719 3526 loco
747 3485 987 3528 accuratius
1017 3483 1391 3528 considerabimus,
1448 3483 1623 3538 Quibus
1654 3483 1699 3526 in
1729 3483 1859 3526 rebus
1886 3481 2084 3538 quamvis
2115 3482 2250 3525 faceta
2277 3480 2403 3523 modo
2431 3479 2570 3522 ironia
2599 3479 2754 3524 Socra-

2699 4086 2703 4089 “
2759 4104 2763 4108 .
2800 4102 2823 4110 ,α-
2857 4057 3166 4113 ιιᾼίᾷὶῦίὲιῖῦωῆ
3136 4057 3166 4082 >3
