3166 4113
352 421 618 483 «μω
625 420 915 506 muamus
950 421 1160 482 nemus
1198 422 1489 469 “sosoma
1532 422 1692 483 ω...
1724 386 1830 468 ω’
1859 393 1954 468 ..in
1988 413 2207 483 pamm,
2245 424 2357 482 qu.-
2388 421 2852 484 κιαι-μικράς
2898 400 2902 405 ’

556 557 1840 619 ὃοᾶιιοιιιιοᾱοδοοὲιὴυριοὴωςουιιιιᾶιιῑοςο
1879 559 2368 612 rotunda-eddim
2406 559 2545 612 mad,
2563 521 2725 618 qnod
2759 557 2818 604 iai

342 628 595 693 ἶιὶιιςιιὶἰι
623 628 953 686 quibusdam
981 627 1293 672 actionibus
1319 627 1438 686 piis
1449 626 1730 686 rebusque
1749 627 2007 672 externis
2036 635 2371 672 cernei-etun
2415 625 2818 686 nummu-»ouh
2861 642 2863 644 ·

343 696 564 745 abnuitis
591 696 796 754 pietatem
823 695 875 740 ia
899 710 951 740 ec
981 694 1728 754 poskameuediciss-ntmdeiici
1758 695 1908 775 injus
1944 702 2167 741 vocentur.
2225 694 2365 739 Paulo
2402 702 2515 755 post
2536 690 2818 746 addit'diau?

346 765 399 812 -in
416 763 525 813 alii·
543 763 798 812 saionibu-
813 763 935 808 cerni
954 763 1207 815 similibus,
1214 763 1384 819 quibus
1396 769 1521 821 putat
1550 763 1763 807 :addicis
1779 764 1964 821 expiari,-
1981 764 2086 821 jura
2112 771 2156 808 et
2182 764 2333 808 divina
2359 772 2405 808 st
2419 764 2610 810 ὶιιιιιηιιι·
2626 752 2815 815 deflendi,
2821 769 2824 773 ’

350 831 547 881 ἰωὶιιοιι
574 830 773 890 improba
799 829 1035 886 prohiberi.
1083 828 1142 874 In
1168 836 1370 875 extrema
1389 830 1552 889 dialogi
1581 830 1873 889 disputatione
1893 831 1956 877 ad
1985 831 2158 877 initium
2174 832 2397 877 revolutus
2426 832 2627 893 pietatem
2669 829 2819 881 definit

351 900 401 943 in
428 898 648 945 sacrificiis
675 898 907 940 offerendis
939 905 982 939 ct
1009 898 1057 939 in
1085 898 1291 955 precibus
1320 898 1557 940 findendi&
1578 910 1675 940 mc
1704 898 1849 940 sitam„
1901 898 2069 941 Multas
2105 900 2242 956 igitur
2268 900 2469 957 singulas
2491 901 2683 944 actiones
2711 911 2819 943 enu-

352 974 491 1014 mant
514 966 611 1023 pias
639 979 798 1021 easque
827 972 1038 1008 externas.
1095 964 1243 1019 Quam
1273 966 1449 1008 omnino
1478 964 1649 1021 pietatis
1677 971 1960 1021 postremam
1969 966 2195 1022 proposuit
2223 966 2516 1010 definitionem
2540 968 2614 1010 his
2652 966 2819 1011 ven-bi·-

350 1036 425 1083 ἐὰν
449 1034 529 1093 μὲν
555 1031 831 1094 κεχαρισμένα
851 1048 910 1081 τις
932 1030 1133 1091 ἐπίστηται
1162 1032 1369 1081 τοῖςῦεοῐς
1390 1031 1565 1089 λέγειν
1592 1048 1637 1076 τε
1664 1028 1733 1075 καὶ
1762 1032 2010 1091 πράττειν
2036 1032 2322 1092 εὐχόμενος
2347 1049 2391 1078 τε
2418 1035 2487 1078 καὶ
2515 1034 2676 1087 θύων,
2712 1033 2820 1097 ιαῦὲ

350 1103 435 1150 tax
464 1103 515 1146 τὰ
542 1103 649 1153 ὅσια,
679 1102 728 1146 τὰ
758 1100 795 1145 δ’
826 1100 987 1145 ἐναντία
1015 1104 1094 1145 τῶν
1130 1100 1436 1161 κεχαρισμένων
1470 1101 1606 1160 ἀαβῆ
1642 1105 1703 1159 (p.
1736 1102 1791 1143 14
1820 1100 1981 1154 B)‚ea
2018 1100 2211 1157 vulgaris
2247 1108 2312 1144 est
2348 1100 2495 1159 opinio
2533 1094 2730 1146 veterum
2761 1101 2822 1145 ds

358 1171 434 1231 pic
475 1170 658 1216 dearum
704 1167 842 1220 cultu,
885 1168 956 1212 cui
998 1167 1202 1213 videlicet
1244 1169 1373 1213 etiam
1403 1168 1667 1227 Euthyphno
1709 1167 2041 1213 inhaerescebat.
2099 1167 2223 1212 Licet
2266 1168 2381 1213 enim
2410 1167 2587 1213 Socrate
2630 1168 2742 1213 duce
2769 1183 2820 1213 ac

354 1238 562 1298 magistro
592 1237 793 1296 pietatem
821 1243 987 1295 partem
1016 1250 1110 1281 esse
1138 1236 1396 1283 concesserit
1423 1236 1669 1295 δικαιοσύνης
1694 1236 1723 1282 ἰ.
1754 1250 1791 1280 e.
1821 1235 2052 1281 honestatis
2082 1235 2167 1280 diis
2194 1235 2409 1295 probatae,
2450 1242 2594 1281 tamen
2623 1236 2679 1280 ad
2710 1236 2821 1281 hano

368 1307 587 1366 puriorem
610 1305 753 1361 'hujus
785 1305 959 1348 virtutis
985 1305 1217 1362 primariae
1237 1306 1538 1363 cogitationem
1566 1312 1610 1347 et
1628 1304 1920 1347 definitionem
1939 1304 2116 1347 excitari
2146 1305 2309 1361 nequit,
2338 1305 2413 1347 sed
2433 1304 2478 1346 in
2508 1319 2560 1347 ea
2577 1304 2823 1361 acquiescit,

355 1389 487 1430 qaum
516 1379 607 1415 tota
630 1371 869 1426 antiquitas
898 1371 1143 1428 amplexata
1172 1380 1249 1422 est,
1271 1372 1443 1427 justitia
1470 1375 1598 1413 suum
1628 1372 1784 1426 cuique
1813 1371 1960 1416 tribui.
2011 1372 2143 1425 Quod
2171 1372 2208 1413 si
2237 1372 2493 1414 transfertur
2519 1372 2576 1413 ad
2605 1372 2821 1428 pietatem,

352 1456 465 1499 quae
492 1440 540 1482 in
567 1439 690 1486 cultu
719 1439 899 1482 deorum
938 1438 1068 1481 obvia
1095 1446 1174 1489 est,
1211 1439 1297 1481 diis
1336 1439 1589 1481 tribuuntur
1613 1454 1679 1489 ea,
1715 1454 1830 1495 quae
1866 1439 1920 1481 iis
1959 1439 2184 1489 debentur,
2223 1440 2325 1498 τιμὴ,
2363 1438 2481 1495 γέρα,
2515 1439 2645 1498 χάρις
2669 1442 2731 1495 (p.
2766 1440 2819 1481 15

353 1511 413 1556 A.
443 1510 530 1562 Β.),
570 1508 817 1552 hominibus
861 1523 924 1559 ea,
968 1523 1079 1564 quae
1122 1507 1337 1551 debentur
1367 1506 1627 1557 hominibus,
1651 1508 1861 1565 χρήματα,
1900 1505 1960 1549 ὧν
1996 1506 2153 1550 δέονται
2181 1507 2267 1564 παῤ
2295 1506 2456 1550 ἐκείνων
2494 1510 2554 1563 (p.
2588 1508 2643 1550 14
2670 1506 2717 1549 D
2746 1506 2821 1559 E).

353 1578 501 1632 Quam
529 1577 667 1633 ipsam
697 1591 789 1619 rem
819 1575 947 1619 Plato
974 1574 1084 1632 Rep.
1113 1574 1151 1620 I.
1183 1591 1227 1631 p.
1256 1575 1337 1618 331
1372 1574 1424 1618 B.
1465 1574 1717 1619 brevissime
1755 1575 1816 1618 ita
1853 1575 2197 1631 comprehenditz
2239 1575 2445 1631 ὀφείλοντα
2483 1574 2511 1632 ἦ
2554 1575 2644 1631 θεῷ
2680 1574 2826 1623 dudae

354 1646 465 1694 τινὰς
486 1644 516 1703 ἢ
542 1643 755 1702 ἀνθρώπῳ
780 1644 992 1703 χρήματα.
1050 1642 1300 1700 Utrumque
1328 1650 1471 1687 autem
1510 1642 1789 1687 sacrificando
1819 1641 2006 1686 efficitur
2034 1650 2077 1686 et
2105 1642 2335 1701 precando.
2394 1642 2513 1701 Ergo
2550 1642 2586 1687 si
2627 1642 2820 1688 homines

354 1714 459 1759 deos
487 1712 626 1765 donis,
656 1712 819 1764 hostiis,
850 1726 963 1769 quae
1000 1711 1053 1754 iis
1083 1719 1259 1769 accepta
1277 1718 1378 1755 sunt
1406 1718 1449 1754 et
1471 1711 1681 1768 jucunda,
1711 1710 1935 1763 honorant,
1965 1710 2003 1754 si
2034 1710 2220 1754 vicissim
2256 1710 2319 1753 dii
2338 1710 2586 1755 hominibus
2617 1710 2822 1769 praebent

356 1797 428 1839 ea,
464 1795 578 1838 quae
621 1780 677 1823 ab
722 1780 777 1822 iis
823 1787 1067 1837 precantur,
1110 1788 1338 1837 propterea
1365 1779 1482 1836 quod
1520 1778 1737 1835 indigent,
1781 1778 1972 1834 utrisque
2002 1792 2132 1821 suum
2165 1777 2374 1820 tribuitur
2402 1785 2444 1820 et
2473 1777 2611 1820 cultui
2640 1778 2821 1821 deorum

358 1848 524 1891 satisfit.
587 1847 692 1901 Qua
734 1847 779 1888 in
822 1861 870 1888 re
908 1846 1020 1888 nihil
1059 1861 1237 1903 prorsus
1272 1847 1416 1896 refert,
1460 1861 1547 1901 qua
1589 1853 1730 1887 mente
1775 1845 1970 1887 homines
2014 1859 2136 1887 sacra
2164 1844 2346 1887 offerant
2374 1851 2417 1886 et
2445 1859 2594 1901 preces
2623 1845 2820 1894 fundant,

357 1913 593 1958 dummodo
630 1913 811 1955 deorum
855 1927 942 1954 non
983 1912 1107 1955 obliti
1144 1928 1314 1968 semper
1339 1919 1525 1961 teneant,
1562 1927 1673 1967 quae
1708 1911 1762 1954 iis
1801 1912 1992 1954 tribuere
2029 1911 2225 1954 debeant.
2284 1911 2352 1953 Ita
2381 1911 2417 1953 si
2447 1918 2583 1967 agunt
2612 1911 2819 1970 homines,

357 1981 419 2025 dii
448 1979 659 2038 propitios
690 1994 736 2022 se
764 1985 983 2036 praestant
1003 1978 1254 2022 hominibus
1283 1993 1363 2022 nec
1382 1978 1577 2021 invident
1604 1992 1685 2021 neo
1710 1978 1965 2023 irascuntur.
2030 1978 2094 2021 At
2123 1977 2233 2021 hanc
2263 1977 2486 2035 vulgarem
2514 1967 2821 2034 externamque

357 2048 559 2107 pietatem
589 2046 717 2091 Plato
746 2045 969 2091 Socratem
998 2046 1145 2104 lepida
1174 2060 1254 2089 sua
1282 2045 1527 2089 urbanitate
1558 2046 1815 2089 refutantem
1845 2052 1976 2102 atque
2004 2045 2283 2088 detestantem
2314 2044 2428 2097 facit,
2456 2058 2543 2088 non
2573 2058 2661 2101 quo
2689 2044 2821 2088 sacri-

356 2117 456 2161 ficis
475 2115 651 2160 omnino
680 2128 766 2156 non
796 2114 993 2157 facienda
1021 2128 1101 2156 nec
1130 2127 1279 2171 preces
1311 2112 1553 2155 fundendas
1582 2125 1676 2154 esse
1706 2113 1964 2164 censuerint,
1994 2113 2112 2169 quod
2141 2112 2296 2155 melius
2326 2113 2624 2191 cognoscimus
2653 2112 2708 2155 de
2736 2111 2821 2156 So-

358 2191 475 2228 crate
503 2199 559 2227 ex
577 2182 786 2239 Xenoph.
808 2181 993 2227 Memor.
1024 2180 1062 2233 Ι,
1096 2184 1117 2224 1
1150 2189 1193 2225 et
1221 2181 1276 2224 de
1294 2181 1477 2225 Platone
1505 2194 1561 2223 ex
1589 2179 1713 2222 libris
1741 2180 1797 2223 de
1815 2180 2003 2237 Repub„
2031 2181 2086 2223 de
2106 2180 2228 2237 Leg.,
2257 2180 2334 2223 ubi
2362 2181 2417 2223 de
2447 2181 2580 2224 sacris
2609 2180 2818 2223 faciendis

359 2260 403 2298 et
432 2251 555 2297 festis
583 2249 761 2308 agendis
789 2248 1067 2307 praecipitur,
1095 2248 1171 2293 sed
1199 2248 1332 2306 quod,
1361 2248 1444 2292 nisi
1473 2248 1546 2306 pia
1574 2254 1715 2292 mente
1752 2254 1795 2292 et
1822 2247 2001 2293 honesta
2029 2248 2142 2293 vitae
2158 2247 2335 2292 ‘ratione
2363 2247 2424 2292 dii
2454 2247 2710 2301 colerentur,
2739 2262 2818 2293 nee

359 2318 572 2365 sacrificia
606 2331 685 2361 nec
722 2331 871 2375 preces
909 2316 1043 2360 ullius
1082 2331 1176 2360 esse
1204 2317 1333 2375 pretii
1371 2325 1447 2359 aut
1474 2315 1558 2358 diis
1587 2316 1755 2374 placere
1784 2330 1910 2375 posse
1938 2316 2024 2361 sibi
2052 2323 2363 2375 persuaserant.
2422 2315 2613 2375 Legatis,
2644 2330 2819 2373 quaeso,

357 2389 503 2432 locum
531 2385 858 2442 Xenophontis
883 2386 964 2427 hac
1007 2385 1063 2427 de
1107 2400 1153 2428 re
1191 2384 1604 2442 praestantissimum
1639 2383 1715 2427 lib.
1744 2384 1779 2427 Ι.
1810 2384 1919 2442 Qp.
1950 2383 2037 2435 ΙΙΙ,
2066 2386 2087 2440 ς
2117 2385 2243 2435 2-4,
2272 2384 2349 2440 qui
2380 2385 2446 2427 his
2477 2385 2619 2427 verbis
2648 2384 2818 2427 finitur:

357 2456 454 2499 ἀλλ’ν
487 2453 645 2512 ἐνόμιζε
689 2452 779 2500 τοὺς
819 2451 943 2500 θεοὺς·
982 2455 1093 2499 ταῖς
1132 2452 1276 2510 παρὰ
1320 2454 1416 2494 τῶν
1458 2450 1856 2506 εὐσεβεστάτων
1900 2454 2078 2509 τιμαῖς
2105 2452 2279 2509 μάλιστα
2317 2451 2492 2511 χαίρειν.
2559 2452 2726 2495 Eadem
2754 2460 2819 2495 est

359 2523 571 2569 sententia
606 2521 714 2577 ejus,
758 2520 835 2578 qui
877 2520 1150 2564 Alcibiadem
1180 2520 1229 2563 ΙΙ
1272 2519 1542 2577 conscripcit,
1586 2518 1679 2562 sive
1722 2519 1848 2563 Plato
1890 2520 1983 2563 sive
2025 2519 2149 2571 alius,
2192 2519 2310 2576 quod
2346 2520 2602 2564 recentiores
2631 2518 2824 2563 Platonis

359 2592 615 2647 interpretes
658 2603 792 2645 paene
835 2603 983 2631 omnes
1026 2595 1236 2640 statuunt,
1279 2588 1357 2643 qui
1401 2602 1499 2630 cum
1539 2586 1721 2629 Platone
1763 2587 2031 2630 consentiens
2070 2602 2112 2644 p.
2145 2588 2226 2631 149
2256 2587 2473 2645 praeclare
2501 2587 2560 2630 ita
2590 2588 2701 2630 hanc
2729 2602 2823 2631 rem

359 2656 656 2717 persequitur:
691 2655 771 2699 Καὶ
810 2656 894 2713 γὰρ
930 2655 981 2698 ἂν
1008 2654 1137 2699 δεινὸν
1165 2653 1238 2713 εἴη,
1275 2655 1313 2698 el
1359 2656 1462 2712 πρὸς
1485 2654 1535 2698 τὰ
1564 2654 1685 2712 δῶρα
1713 2655 1781 2697 καὶ
1809 2656 1914 2712 πρὸς
1936 2655 2011 2703 τὰς·
2034 2654 2178 2703 θυσίας·
2202 2655 2492 2712 ἀποβλέψωσιν
2518 2656 2632 2714 ἡμῶν
2660 2657 2697 2699 οἱ
2724 2654 2824 2705 θεοὶ,

359 2726 464 2771 ἀλλὰ
485 2726 555 2784 μὴ
592 2725 722 2783 πρὸς
752 2724 940 2783 ψυχὴν,
980 2723 1043 2768 ἄν
1070 2739 1145 2771 τις
1169 2724 1313 2771 ὅσιος·
1336 2724 1420 2766 καὶ
1447 2722 1653 2773 δίκαιος
1675 2721 1742 2766 ὢν
1768 2723 2007 2782 τυγχάνῃ.
2062 2722 2183 2781 Ergo
2214 2738 2268 2767 ne
2288 2723 2399 2768 hanc
2419 2723 2594 2780 quidem
2622 2723 2823 2781 pietatem

360 2794 576 2844 sufficere,
605 2806 717 2849 quae
746 2792 791 2834 in
821 2792 1005 2848 singulis
1043 2791 1310 2848 quibusdam
1353 2790 1593 2835 actionibus
1636 2791 1777 2848 iisque
1805 2792 1994 2834 externis
2030 2797 2288 2843 cerneretur,
2318 2791 2640 2848 qualescunque
2669 2797 2823 2842 essent,

360 2861 445 2905 nisi
475 2875 529 2903 ex
573 2861 646 2916 pio
675 2860 817 2901 animo
862 2859 1249 2915 proficiscerentur,
1292 2858 1370 2900 sed
1412 2873 1582 2901 omnem
1620 2859 1833 2913 ejusmodi
1875 2860 1931 2902 de
1960 2860 2042 2901 hac
2084 2860 2242 2901 virtute
2271 2860 2518 2916 opinionem
2548 2860 2699 2902 falsam
2730 2873 2823 2901 esse

359 2927 536 2972 abunde
565 2926 771 2968 indicavit
798 2926 844 2967 in
874 2925 1192 2983 Euthyphrone
1219 2925 1467 2968 adversario
1496 2926 1550 2967 ad
1580 2926 1769 2969 absurda
1796 2926 2017 2983 perducto.

568 2992 733 3037 Eadem
762 2992 1012 3051 disputandi
1042 2992 1206 3036 ratione
1235 2992 1404 3036 tertiam
1433 2991 1584 3036 falsam
1614 2992 1669 3036 de
1697 2993 1855 3050 pietate
1884 2992 2128 3051 opinionem
2158 2994 2329 3045 refellit,
2359 3010 2464 3051 qua
2493 2992 2824 3051 Euthyphro

361 3064 493 3106 deos
538 3061 814 3104 utilitatis
857 3060 1255 3119 percipiendae
1300 3075 1464 3103 causa
1507 3060 1618 3103 coli
1661 3060 1955 3104 contendit,
2013 3061 2105 3105 Ista
2132 3077 2201 3105 res
2232 3062 2417 3105 maxime
2446 3061 2617 3104 duobus
2647 3060 2822 3117 quintae

362 3131 501 3190 partis
531 3129 639 3173 locis
668 3136 886 3173 tractatur.
945 3129 1049 3173 Uno
1081 3134 1142 3188 (p.
1176 3130 1231 3173 14
1258 3128 1299 3172 Ε
1328 3153 1382 3161 -
1417 3129 1470 3171 15
1500 3129 1563 3183 A)
1593 3128 1866 3188 Euthyphro‚
1896 3144 2159 3188 quamquam
2188 3130 2363 3180 invitus,
2393 3128 2625 3172 concedere
2654 3128 2823 3187 cogitur

362 3200 565 3256 pietatem
609 3212 701 3240 esse
743 3206 877 3241 artem
921 3198 1139 3254 quandam
1183 3197 1445 3255 negotiandi,
1488 3213 1601 3254 quae
1629 3198 1740 3240 lucri
1771 3212 1900 3240 causa
1929 3208 2190 3243 exerceatur.
2258 3197 2372 3239 Nam
2408 3204 2451 3239 et
2480 3197 2534 3239 ad
2564 3197 2666 3240 deos
2696 3205 2739 3240 et
2766 3199 2821 3241 ad

365 3267 557 3309 homines
586 3265 811 3309 commoda
840 3265 1052 3321 quaedam
1080 3266 1322 3308 redundare
1351 3281 1406 3308 ex
1435 3265 1605 3323 pietate,
1640 3265 1697 3307 ad
1726 3265 1829 3307 deos
1858 3281 1912 3308 ex
1941 3265 2176 3315 sacrifieiis,
2216 3264 2270 3306 ad
2301 3264 2493 3307 homines
2522 3280 2576 3307 ex
2605 3265 2822 3322 precibus,

369 3347 471 3386 quas
501 3334 563 3377 dii
592 3332 848 3382 exaudiant3
878 3332 1024 3387 itaque
1044 3338 1087 3373 et
1114 3332 1218 3374 deos
1248 3340 1290 3374 et
1319 3333 1512 3375 homines
1532 3332 1726 3389 accipere
1755 3347 1826 3375 eas
1856 3348 1937 3383 res,
1967 3346 2151 3387 quarum
2170 3332 2343 3384 utrique
2372 3333 2605 3390 indigeant.
2655 3333 2823 3387 Quam-

368 3411 497 3454 quam
524 3400 656 3456 paulo
685 3407 784 3457 post
827 3398 972 3442 denuo
1001 3398 1046 3440 in
1086 3406 1224 3440 tantas
1268 3398 1517 3455 disputandi
1562 3400 1783 3456 angustias
1826 3399 2112 3456 compellitur,
2154 3406 2203 3443 ut
2245 3401 2427 3453 dubitet,
2471 3415 2575 3444 num
2617 3409 2731 3446 reete
2760 3399 2822 3441 dii

365 3466 590 3509 commoda
616 3468 838 3525 percipere
867 3467 1069 3510 dicantur
1097 3480 1152 3509 ex
1182 3466 1235 3508 iis
1264 3465 1403 3517 donis,
1432 3480 1544 3522 quae
1572 3466 1628 3509 ab
1658 3465 1905 3509 hominibus
1936 3466 2183 3520 offerantur,
2214 3483 2349 3525 quum
2378 3469 2576 3513 Socrates
2606 3466 2821 3510 docuisset
