3166 4113
1538 298 1604 345 61-

316 439 894 495 .·vivunt.lenmsmalefieis‚
932 441 1197 498 contagione
1223 434 1724 499 inqufmntunvqune
1762 442 2109 501 expiandi-sunt,
2146 443 2264 500 quod
2292 444 2356 497 fit,
2393 445 2431 488 si
2459 445 2803 494 malefici-aee·—

307 548 309 550 ,
335 506 506 560 santur,
548 516 599 552 ut
639 506 807 550 debitas
850 507 954 551 dent
992 522 1164 564 poenas,
1207 507 1374 552 etiamsi
1416 516 1539 566 pater
1581 509 1636 550 sit
1675 517 1750 551 aut
1779 517 1927 565 mater.
1986 511 2050 552 At
2079 511 2156 567 qui
2184 511 2232 553 in
2259 512 2410 555 eadem
2440 512 2569 556 domo
2597 513 2802 564 vivebant

332 572 487 633 'atque
502 573 790 633 Enthyphro,
809 574 977 620 rectius
1000 574 1327 628 intellexerant,
1366 575 1550 633 impium
1578 589 1672 619 esse
1699 575 1920 622 intendere
1948 576 2088 621 filium
2116 577 2329 622 actionem
2367 579 2493 637 patri,
2532 580 2606 624 eui
2634 596 2802 627 summa

309 688 313 690 a
344 651 395 687 et
422 642 664 693 reverentia
691 649 742 687 et
778 642 933 687 caritas
961 641 1204 695 deberetur,
1241 658 1331 687 nec
1357 649 1523 701 patrem
1561 659 1590 686 a
1623 643 1714 687 filio
1749 643 1795 686 in
1830 643 1987 700 judieii
2017 644 2260 702 periculum
2287 645 2446 690 adduci
2474 647 2648 694 debere.
2697 648 2800 694 Huc

344 711 534 763 mdit,
564 711 684 767 quod
719 710 856 754 multa
894 710 1026 754 fuisse
1065 710 1279 763 videntur,
1306 726 1428 768 quae
1466 710 1639 769 culpam
1674 711 1808 769 patris
1836 710 2165 769 Euthyphronis
2202 711 2457 759 minuerent.
2516 713 2646 760 Certe
2675 715 2801 760 illum

343 779 657 823 mercenarium
685 779 925 822 interficere
947 778 1119 822 videtur
1146 778 1349 831 noluisse,
1378 779 1454 836 qui
1475 779 1612 836 magis
1633 778 1795 823 infelici
1815 778 2003 835 quodam
2033 794 2136 822 casu
2166 782 2226 837 (p.
2247 780 2274 822 9
2294 775 2362 823 A:
2390 779 2534 840 φθάσῃ
2548 783 2798 842 τελευτήσας)

343 846 475 903 periit
502 853 578 889 aut
607 845 885 903 negligentia.
945 846 993 890 Si
1023 846 1136 889 enim
1167 846 1361 889 occidere
1389 846 1608 899 voluisset,
1647 847 1839 905 profecto
1875 861 1961 890 non
1992 846 2187 890 Athenas
2216 846 2399 892 misisset
2432 848 2489 892 ad
2527 847 2801 908 interpretem

343 927 487 955 rerum
524 928 758 956 sacrarum.
826 914 921 957 Cur
962 914 1077 956 filius
1113 921 1302 970 patrem,
1345 915 1382 956 si
1427 914 1593 957 facinus
1638 914 1858 957 homicidii
1901 920 2233 970 perpetraverat,
2277 929 2361 957 non
2402 916 2545 972 potius
2575 931 2630 959 ex
2658 917 2801 975 priseo

343 978 613 1024 Graecorum
643 996 761 1023 more
790 980 981 1037 expiavit
1010 980 1230 1023 sacrificiis
1259 981 1527 1036 deorumque
1556 982 1664 1023 iram
1694 980 1882 1037 placavit
1921 981 2052 1022 sacris
2091 981 2242 1022 donis?
2299 982 2363 1022 At
2391 982 2651 1039 Euthyphro
2680 984 2802 1026 vide—

342 1046 443 1091 licet
482 1046 727 1091 simillimus
773 1057 837 1091 est
866 1047 1197 1091 Atheniensium
1235 1047 1352 1091 illius
1390 1048 1554 1100 aetatis,
1593 1063 1701 1104 quos
1741 1047 2070 1105 litigiosissimos
2111 1048 2244 1090 fuisse
2275 1049 2372 1104 quis
2401 1057 2477 1101 est,
2507 1051 2583 1106 qui
2612 1052 2801 1096 nesciat?

345 1114 466 1172 Ergo
495 1122 662 1159 tantum
690 1115 824 1168 abest,
854 1121 902 1159 ut
931 1115 1192 1174 Euthyphro
1221 1115 1341 1174 pium
1371 1131 1416 1160 se
1444 1123 1630 1174 praestet
1659 1115 1874 1160 hominem
1900 1123 2025 1192 patre
2054 1116 2308 1169 accusando,
2338 1125 2385 1160 ut
2414 1117 2543 1162 etiam
2570 1118 2802 1176 impietatis

343 1184 556 1227 maximae
587 1184 756 1242 culpam
787 1184 1046 1226 contraxerit
1075 1190 1203 1241 atque
1232 1184 1425 1227 omnium
1453 1191 1694 1243 temporum
1724 1183 2005 1242 ignominiam
2036 1183 2251 1228 meruerit.
2290 1184 2439 1239 Quare
2468 1184 2665 1230 Socrates
2700 1201 2802 1233 eum

341 1248 579 1293 identidem
608 1260 767 1303 monet,
796 1266 850 1292 ne
879 1258 1044 1308 patrem
1072 1265 1277 1293 accusans
1306 1252 1438 1309 impie
1467 1260 1565 1310 agat
1595 1257 1655 1311 (p.
1687 1253 1716 1293 4
1747 1252 1798 1297 Β.
1830 1252 1883 1304 Ε,
1912 1266 1954 1310 p.
1986 1253 2011 1293 9
2042 1252 2098 1294 A.
2130 1251 2184 1304 Β,
2213 1267 2255 1310 p.
2279 1252 2332 1295 15
2364 1252 2448 1306 1));
2479 1252 2578 1309 quis
2607 1254 2736 1307 enim,
2765 1255 2802 1298 si

344 1320 542 1363 ultimum
579 1319 722 1362 locum
758 1334 920 1371 eorum,
962 1334 1069 1401 quos
1101 1319 1228 1362 modo
1254 1319 1393 1372 attuli,
1422 1319 1672 1377 diligentius
1694 1320 1948 1378 perpendat,
1980 1335 2066 1363 non
2089 1320 2180 1363 vim
2210 1320 2439 1364 maximam
2461 1322 2802 1380 uniuscujusque

348 1387 548 1431 vocabuli
593 1387 821 1430 exaudiat:
860 1387 897 1429 el
937 1387 1019 1444 γὰρ
1055 1387 1114 1446 μὴ
1154 1383 1317 1446 ᾔδησθα
1360 1390 1504 1445 σαφῶς
1543 1388 1586 1430 τό
1614 1404 1657 1431 τε
1699 1389 1806 1431 ὅσιον
1848 1389 1916 1430 καὶ
1959 1389 2002 1431 τὸ
2038 1388 2204 1439 ἀνόσιον,
2242 1388 2313 1431 οὐκ
2352 1387 2457 1432 ἔστιν
2490 1390 2601 1436 ὅπως·
2625 1389 2677 1433 α”ν
2705 1406 2800 1434 mre

344 1455 613 1514 ἐπεχείρησας
638 1456 742 1512 ὑπὲρ
772 1455 922 1511 ἀνδρὸς·
937 1454 1057 1511 θητὸς
1080 1455 1215 1511 ἄνδρα
1245 1455 1469 1513 πρεςβύτην
1497 1455 1655 1512 πατέρα
1684 1456 1902 1498 διωκάθειν
1929 1457 2061 1512 φόνου,
2092 1456 2192 1497 ἀλλὰ
2210 1457 2279 1498 καὶ
2309 1456 2398 1502 τοὺς
2424 1457 2545 1503 θεοὺς
2559 1457 2610 1499 ἂν
2637 1456 2799 1505 ἔδεισας

343 1523 707 1581 παρακινδυνεύειν,
734 1524 793 1581 μὴ
823 1522 893 1565 οὐκ
920 1521 1061 1579 ὀρθῶς
1084 1522 1265 1580 ποιήσας,
1295 1523 1362 1565 καὶ
1391 1522 1481 1569 τοὺς·
1505 1522 1747 1580 ἀνθρώπους
1768 1523 2001 1582 ᾔσχύνθηςῖ)
2059 1522 2160 1577 Qua
2199 1523 2243 1565 in
2273 1538 2320 1566 re
2349 1524 2419 1566 eui
2449 1538 2535 1566 non
2565 1524 2611 1567 in
2641 1540 2801 1568 memo·

343 1591 451 1633 riam
481 1598 706 1634 revocatur
734 1590 854 1632 locus
884 1589 958 1631 ille
988 1588 1249 1631 clarissimus
1278 1589 1488 1632 Matthaei
1518 1591 1744 1647 evangelii,
1774 1592 1851 1647 qui
1880 1591 2040 1647 legitur
2069 1591 2174 1647 Cap.
2199 1590 2293 1634 XV
2323 1606 2455 1637 verss.
2485 1592 2623 1635 4—-8.·
2652 1592 2802 1644 „Deus

345 1658 583 1715 praecepit:
614 1657 795 1700 Honora
814 1665 979 1714 patrem
1009 1664 1051 1697 et
1081 1664 1272 1708 matrem,
1302 1663 1365 1699 etz
1396 1656 1487 1711 Qui
1516 1658 1628 1714 patri
1658 1666 1735 1700 aut
1764 1659 1891 1701 matri
1920 1658 2162 1708 maledicat,
2192 1658 2406 1716 supplicio
2434 1659 2661 1703 afficiatur.
2708 1659 2799 1704 Vos

345 1739 447 1767 vero
476 1725 641 1768 dicitis·
701 1724 964 1781 Quicunque
992 1724 1104 1782 patri
1134 1731 1208 1765 aut
1238 1725 1363 1766 matri
1391 1725 1572 1767 dixerit·
1622 1725 1800 1768 Donum
1831 1729 1930 1779 (est)
1961 1739 2143 1777 sacrum,
2174 1725 2291 1781 quod
2320 1726 2498 1769 forsitan
2526 1742 2552 1769 a
2581 1742 2649 1770 me
2677 1742 2800 1772 acee-

346 1794 492 1849 peris.
515 1811 579 1845 ..ς
623 1793 768 1849 itaque
812 1808 952 1848 neque
995 1799 1159 1848 patrem
1203 1800 1278 1834 aut
1321 1799 1500 1835 matrem
1546 1793 1786 1836 honorabit.
1845 1794 1995 1849 Atque
2040 1801 2314 1850 praeceptum
2353 1794 2423 1836 dei
2453 1802 2596 1838 vestra
2623 1804 2800 1854 propter

347 1860 505 1917 placita
534 1860 783 1939 abrogastis.
843 1859 1137 1914 Simulatores,
1183 1859 1237 1903 de
1281 1859 1440 1916 quibus
1476 1859 1643 1904 Jesaias
1686 1860 1905 1918 praeclare
1949 1860 2185 1918 praedixit.
2216 1860 2304 1904 Hic
2351 1861 2541 1920 populus
2576 1862 2704 1907 labiis
2733 1879 2802 1907 me

346 1929 541 1980 honorat,
578 1930 747 1972 animus
788 1942 890 1971 vero
931 1927 1081 1982 procul
1118 1942 1144 1970 a
1182 1942 1250 1971 me
1288 1928 1454 1971 alienus
1495 1936 1570 1973 est.
1629 1928 1812 1971 Frustra
1850 1943 1919 1971 me
1955 1935 2215 1971 venerantur
2249 1927 2464 1971 tradentes
2493 1937 2721 1988 praecepta
2746 1931 2802 1975 ab

347 1996 594 2041 hominibus
623 1997 838 2041 inventa.“
896 1995 1089 2039 Eandem
1135 1996 1336 2053 pietatem
1379 1995 1544 2047 falsam,
1589 2011 1719 2053 quam
1763 1996 1924 2040 rectius
1978 1995 2139 2039 dixeris
2175 1995 2450 2053 impietatem,
2493 1996 2619 2042 Plato
2648 1998 2801 2043 Meleti

345 2065 544 2123 exemplo
583 2065 780 2109 illustrat.
841 2064 885 2107 ls
923 2064 1037 2107 enim
1077 2077 1190 2107 unus
1220 2078 1273 2107 ex
1311 2063 1452 2106 tribus
1490 2063 1577 2107 illis
1607 2063 1949 2108 Atheniensibus
1980 2063 2075 2115 fuit,
2115 2063 2191 2120 qui
2221 2063 2441 2108 Socratem
2479 2065 2801 2123 postulaverant

346 2132 589 2191 impietatis.
648 2133 680 2177 J
683 2133 832 2175 uvenis
863 2146 966 2188 ergo
995 2146 1129 2189 paene
1159 2131 1368 2174 imberbis
1397 2139 1439 2174 et
1467 2146 1612 2174 rerum
1641 2131 1888 2175 divinarum
1928 2147 2105 2189 prorsus
2146 2132 2321 2188 ignarus
2358 2131 2590 2190 impietatis
2619 2134 2800 2179 crimine

345 2201 520 2244 arcessit
548 2215 705 2253 senem,
735 2200 809 2257 qui
841 2198 957 2242 haud
985 2199 1136 2257 procul
1166 2198 1287 2242 abest
1315 2214 1341 2242 a
1377 2206 1526 2252 morte,
1565 2213 1695 2256 quem
1723 2199 1944 2257 Apollinis
1981 2198 2204 2242 oraculum
2242 2198 2436 2244 omnium
2473 2200 2698 2246 hominum
2728 2218 2798 2247 sa-

346 2270 658 2328 pientissimum
680 2267 914 2326 judicavit!
974 2267 1119 2323 Quam
1147 2282 1371 2326 perversae
1401 2275 1522 2312 erant
1551 2267 1627 2311 illo
1656 2275 1847 2325 tempore
1877 2267 1993 2325 apud
2024 2266 2310 2310 Athenienses
2339 2268 2526 2313 rationes
2556 2269 2727 2327 pietatis
2757 2279 2801 2315 et

346 2338 598 2396 impietatis!
658 2337 934 2394 Quamquam
964 2336 1056 2393 ipse
1085 2336 1284 2380 Socrates
1325 2335 1449 2379 illum
1480 2335 1705 2387 Meletum,
1741 2343 2033 2379 accusatorem
2063 2349 2203 2387 suum,
2241 2335 2419 2379 laudare
2447 2337 2632 2390 videtur,
2675 2340 2800 2396 quasi

347 2420 447 2448 vere
476 2406 647 2463 sapiens
679 2417 721 2448 et
749 2403 995 2461 aequalium
1025 2402 1154 2446 saluti
1182 2403 1447 2461 prospiciens
1477 2411 1520 2446 et
1549 2403 1813 2461 reipublicae
1833 2403 2117 2446 incolumitati
2147 2403 2374 2446 consulens
2403 2418 2455 2447 ea
2481 2405 2622 2462 prima
2648 2421 2800 2450 eruere

347 2481 538 2525 conetur,
576 2488 688 2531 quae
717 2472 895 2516 tenellas
925 2470 1111 2516 civitatis
1140 2470 1305 2528 plantas
1335 2479 1611 2528 corrumpant
1640 2476 1700 2529 (p.
1732 2471 1759 2513 2
1789 2471 1828 2516 C
1856 2497 1913 2504 -—
1942 2473 1969 2514 3
1999 2472 2076 2524 A),
2120 2478 2260 2513 tamen
2304 2471 2373 2513 his
2411 2472 2611 2515 omnibus
2648 2488 2799 2517 revera

335 2540 579 2596 juvenilem
609 2541 702 2597 ejus
746 2555 957 2584 summam
987 2538 1286 2595 ignorantiam,
1330 2540 1631 2595 arrogantiam,
1674 2538 1970 2595 petulantiam,
2014 2537 2245 2588 levitatem,
2273 2537 2496 2580 mollitiem
2525 2540 2799 2584 acerbissime

340 2608 591 2665 perstringit
619 2615 749 2664 atque
777 2607 969 2664 castigat,
999 2605 1192 2649 indicans
1232 2619 1333 2649 vere
1377 2604 1506 2649 saluti
1536 2605 1776 2662 reipublica
1804 2605 2048 2663 prospicere
2078 2619 2192 2655 eum,
2230 2605 2306 2661 qui
2329 2605 2516 2660 juvenes
2545 2607 2606 2650 ita
2633 2607 2797 2661 doceat,

342 2683 390 2716 ut
418 2675 473 2716 ad
504 2689 648 2718 veram
693 2675 894 2733 pietatem
938 2687 990 2716 ac
1017 2673 1219 2716 virtutem
1262 2672 1527 2731 perveniant.
1587 2672 1719 2728 Quod
1765 2672 1942 2729 quidem
1986 2686 2072 2714 non
2102 2671 2304 2723 Meletus,
2348 2672 2425 2716 sed
2455 2673 2654 2719 Socrates
2683 2677 2796 2722 fecit.

340 2741 491 2784 Nihilo
520 2750 662 2785 tamen
698 2743 837 2785 secius
872 2741 1055 2784 Meletus
1098 2740 1220 2797 pium
1247 2754 1293 2783 se
1335 2754 1426 2783 esse
1470 2740 1728 2798 opinabatur
1773 2740 1935 2798 quippe
1979 2740 2172 2782 deditum
2218 2739 2471 2798 vulgaribus
2515 2741 2795 2800 religionibus

341 2818 469 2865 atque
498 2811 809 2867 prohibentem,
839 2810 1069 2866 quominus
1098 2809 1196 2865 quis
1225 2809 1354 2851 rebus
1384 2809 1507 2851 novis
1537 2808 1728 2852 studeret
1758 2822 1980 2864 novosque
2019 2808 2123 2850 deos
2163 2807 2450 2850 introduceret
2456 2824 2469 2858 3
2509 2823 2620 2864 quae
2656 2825 2795 2866 quum

343 2875 562 2919 Socratem
602 2878 744 2920 moliri
780 2885 963 2936 putaret,
999 2877 1115 2918 hunc
1150 2877 1366 2919 accusavit
1401 2876 1631 2934 impietatis
1668 2890 1748 2919 nec
1776 2876 1989 2918 intellexit
2027 2883 2173 2917 sancta
2218 2889 2263 2916 se
2297 2874 2441 2917 officia
2478 2875 2653 2928 violare,
2682 2892 2796 2934 quae

336 2945 518 3001 juvenes
548 2946 721 3004 explere
750 2947 907 2989 debent
936 2944 1122 2988 senibus.
1181 2944 1371 3003 Impium
1400 2952 1464 2986 est
1493 2944 1606 2986 enim
1636 2944 1811 2987 omnino
1835 2944 2041 3000 juvenem
2070 2951 2213 3000 petere
2241 2956 2398 2994 senem,
2436 2944 2572 3001 magis
2611 2944 2794 3004 impium

337 3014 542 3069 juvenem
570 3015 723 3067 levem,
752 3021 1037 3070 arrogantem,
1067 3013 1238 3057 mollem
1268 3021 1412 3071 petere
1448 3028 1593 3056 senem
1632 3022 1840 3064 sanctum,
1878 3028 1977 3056 vere
2016 3012 2262 3068 sapientem,
2291 3019 2570 3065 constantem,
2609 3016 2794 3058 maxime

342 3082 524 3140 impium
553 3083 600 3126 id
628 3098 754 3140 agere
783 3082 1036 3132 accusando,
1066 3090 1115 3124 ut
1143 3081 1354 3138 ejusmodi
1382 3097 1525 3133 senex,
1562 3097 1693 3137 quem
1730 3081 1793 3123 dii
1832 3081 1915 3138 ipsi
1945 3077 2282 3122 Atheniensibus
2320 3079 2488 3122 misisse
2517 3081 2790 3133 videbantur,

327 3157 391 3194 'ut
419 3150 464 3193 in
494 3150 769 3208 explorandis
799 3156 840 3193 et
869 3149 924 3192 ad
954 3149 1157 3193 virtutem
1186 3156 1315 3207 atque
1345 3149 1608 3193 honestatem
1638 3147 1876 3192 excitandis
1906 3145 2150 3189 hominibus
2182 3153 2327 3188 sancto
2357 3146 2612 3204 fungeretur
2646 3147 2790 3190 officio

343 3217 492 3272 (Apol.
522 3233 564 3274 p.
595 3219 652 3261 30
681 3219 758 3271 A),
803 3217 878 3274 qui
922 3216 1114 3258 omnium
1157 3231 1334 3259 suorum
1378 3216 1698 3259 commodorum
1744 3214 1903 3257 oblitus
1949 3227 2072 3255 verae
2117 3211 2341 3255 hominum
2377 3213 2505 3256 saluti
2538 3228 2616 3271 per
2655 3221 2790 3258 totam

342 3283 474 3325 vitam
503 3286 802 3342 prospiciebat,
831 3285 885 3328 de
914 3284 1054 3328 medio
1083 3283 1259 3327 tollatur
1287 3284 1461 3335 idcircO,
1500 3298 1553 3326 ne
1584 3281 1778 3325 stimulos
1817 3281 2002 3338 amplius
2042 3280 2268 3324 admoveat
2308 3282 2459 3324 animis
2496 3280 2792 3338 insipientium

342 3357 471 3406 atque
499 3351 741 3408 impiorum.
802 3354 927 3408 Quae
956 3366 1217 3409 quamquam
1245 3352 1446 3394 disertius
1475 3357 1603 3406 atque
1633 3349 1847 3406 copiosius
1877 3349 1923 3391 in
1952 3349 2173 3407 Apologia
2203 3356 2448 3399 tractantur,
2486 3354 2628 3391 tamen
2660 3348 2791 3393 etiam

344 3417 426 3460 hoc
454 3417 499 3459 in
529 3418 701 3475 dialogo
730 3428 989 3477 tanguntur3
1019 3436 1119 3463 nam
1147 3420 1275 3461 etiam
1303 3418 1563 3474 Euthyphro
1593 3421 1653 3474 (p.
1685 3419 1713 3461 3
1744 3417 1807 3470 A)
1839 3417 2036 3460 concedit
2067 3417 2280 3460 Meletum
2307 3416 2388 3457 sibi
2420 3430 2596 3471 prorsus
2627 3416 2686 3460 ab
2714 3432 2792 3460 ara

345 3493 387 3530 et
429 3485 525 3529 foco
567 3484 738 3529 initium
781 3488 921 3532 facere
964 3488 1100 3532 videri
1143 3486 1325 3533 civitatis
1369 3485 1607 3540 violandae,
1652 3485 1689 3528 si
1719 3485 1939 3531 Socratem
1978 3485 2135 3540 injuria
2163 3484 2333 3526 afficere
2369 3482 2659 3539 aggrediatur.
2698 3484 2789 3527 Ita-
